4346 5352
501 479 532 537 -u
545 475 589 534 ta
639 451 733 525 tarr
751 447 789 520 A.
806 443 964 518 Prusras
981 451 1134 517 nonnae
1150 425 1354 552 necrosur.
1381 443 1520 518 Securo
1539 415 1596 523 lll.
1624 447 1756 525 Mensa
1771 445 1933 528 Moerin.

516 659 622 735 Duae
643 649 835 727 columnae
858 673 880 723 e
905 645 1043 746 pariete
1070 644 1226 734 excisae,
1252 646 1302 722 ita
1327 669 1348 722 a
1372 645 1587 727 seinvicem
1610 603 1866 737 dissitaesunt',
1891 603 1944 727 nt*

469 774 474 788 ·
518 765 635 857 equus
656 749 914 830 intermedium
936 749 1087 847 spatium
1106 749 1264 840 corporis
1287 751 1541 845 magnitudine
1561 755 1638 830 fere
1658 770 1801 851 aequet:
1836 753 1935 841 ,Pars
1993 743 2021 844 ,’
2115 720 2136 790 ”

517 863 627 938 buius
652 858 797 954 parietis
825 852 982 950 superior
1009 865 1084 927 tres
1109 853 1257 928 exhibet
1275 851 1429 947 figuras,
1455 879 1549 953 quae
1576 853 1936 954 reliquumspatium

416 1001 420 1006 ·
518 985 685 1038 camerae
715 971 905 1054 occupant.
968 955 1088 1040 Quum
1119 953 1207 1028 teste
1230 953 1401 1029 Kinneiro
1427 955 1464 1047 b)
1488 961 1537 1034 ita
1562 957 1679 1033 laesae
1702 955 1771 1032 srnt
1795 969 1938 1052 tempe·
2000 1021 2006 1034 ,
2135 1041 2137 1048 Α

516 1065 618 1145 statis
644 1059 792 1142 iniuria,
818 1072 860 1132 ut
878 1055 968 1130 nihil
990 1054 1054 1130 nisr
1075 1054 1252 1132 exteriora
1277 1057 1502 1134 lineamenta
1530 1061 1679 1152 agnosci
1704 1055 1849 1158 poffiot,
1876 1056 1937 1132 vix

513 1165 721 1246 mirandum
749 1158 817 1252 est,
852 1159 949 1256 qnod
982 1159 1019 1232 io
1049 1170 1107 1233 tot
1130 1158 1268 1232 diversa
1288 1173 1502 1236 commenta
1530 1161 1777 1241 aberraverint
1809 1156 1938 1235 descrl.

515 1281 651 1369 ptores.
685 1262 847 1338 ¹'l'nbulis
868 1261 941 1334 aeri
964 1257 1080 1334 incifis
1100 1261 1304 1336 accuratius
1321 1267 1499 1358 aspectis,
1526 1261 1573 1338 lic
1595 1263 1631 1340 se
1655 1263 1793 1340 habere
1813 1259 1939 1336 viden·

410 1367 418 1385 '
516 1385 577 1450 tur
600 1363 750 1462 effigies.
802 1363 930 1457 Figura
954 1362 1140 1457 primaria,
1166 1365 1287 1439 media
1311 1377 1350 1439 et
1368 1363 1561 1441 altitudine
1587 1372 1764 1453 maxima,
1794 1363 1939 1458 regiam

514 1473 672 1571 speciem
698 1489 784 1564 prae
811 1463 846 1537 se
871 1465 962 1547 fert,
988 1457 1232 1540 tiara'ornata
1261 1463 1311 1540 est
1337 1464 1480 1561 globosa
1503 1467 1547 1560 i).
1601 1469 1737 1544 Dextra
1759 1464 1939 1540 annulum

515 1589 620 1654 tenet
644 1590 726 1645 curn
744 1566 867 1660 ligura
893 1564 926 1640 ei
953 1565 998 1641 ad
1020 1566 1174 1644 laevam.
1224 1556 1346 1643 Tertia
1378 1567 1489 1668 ligura
1518 1570 1662 1645 mediae
1686 1569 1732 1645 ad
1756 1567 1938 1656 dextram,

515 1699 624 1776 quam
655 1695 721 1768 pro,
742 1669 877 1744 femina
903 1683 1109 1762 agnoscunt
1132 1667 1439 1766 peregrinaturos,
1474 1661 1660 1768 quaeque,
1693 1683 1735 1744 nt
1757 1667 1940 1744 fabulatur
1999 1735 2007 1748 .

413 1829 416 1834 ,
513 1775 726 1858 Kioneirus,
752 1769 919 1844 diadema
947 1792 1057 1842 manu
1087 1784 1209 1854 tenet,
1234 1771 1330 1865 quod
1356 1770 1463 1864 caplti
1492 1770 1629 1866 figurae
1651 1773 1805 1876 mediae
1823 1768 1940 1866 impo-

346 1904 349 1912 .
435 1941 440 1956 ‚
476 1869 484 1946 ζ
515 1895 604 1958 nero
626 1875 760 1955 studet,
789 1871 846 1946 vir
869 1869 968 1944 mihi
983 1868 1054 1945 elle
1077 1869 1221 1946 ridetur
1244 1884 1283 1944 et
1310 1872 1456 1972 quidem
1481 1860 1727 1970 pedissequus,
1753 1867 1815 1967 qui
1838 1869 1940 1966 regie

515 1979 621 2080 capiti
644 1973 861 2052 muscarium
890 1969 1112 2064 supertendit
1136 1971 1183 2064 k).
1237 1969 1515 2062 luter-mediam
1543 1971 1696 2068 figuram
1722 1986 1761 2047 et
1784 1993 1878 2069 quae
1903 1969 1940 2048 ei

513 2086 689 2166 adextra
709 2073 776 2160 ell,
808 2073 880 2171 pati
905 2072 1097 2148 altitudine
1121 2095 1164 2147 ac
1191 2071 1386 2168 figurarum
1414 2077 1551 2167 capita,
1577 2074 1758 2173 inscriptio
1783 2073 1849 2162 eil,
1878 2095 1941 2170 cuf

514 2187 573 2266 ius
595 2186 823 2279 characteres
848 2184 1068 2272 quamquam
1096 2176 1201 2250 valde
1233 2171 1350 2265 exest,
1381 2172 1513 2255 slmiles
1540 2191 1665 2254 tamen
1689 2187 1865 2274 apparent
1889 2172 1941 2269 inf

515 2281 766 2384 scriptionibus
795 2285 830 2354 in
859 2276 1126 2353 Sassanidarum
1156 2278 1277 2352 nuruis
1309 2276 1425 2352 obviis
1449 2275 1494 2372 l).
1528 2317 1581 2335 ·-·-
1641 2279 1747 2356 lintri
1777 2273 1954 2370 effigiem.
1990 2295 1997 2312 ·

514 2381 561 2469 err
590 2411 674 2463 aere
697 2379 894 2459 Nlalcolmii
926 2377 1011 2454 fistit
1040 2379 1161 2455 tabula
1195 2377 1312 2453 nostra
1340 2379 1416 2456 Vll.
1445 2414 1498 2432 --
1549 2379 1714 2456 Parietes
1741 2377 1940 2466 conclavis,

514 2489 663 2572 intranti
687 2510 707 2560 a
733 2484 834 2557 laeva
863 2494 901 2557 et
920 2481 1068 2570 dextra,
1094 2503 1139 2554 eo
1166 2477 1358 2580 glypbicae
1382 2477 1473 2554 artis
1497 2501 1651 2575 genere,
1679 2481 1776 2580 quod
1804 2480 1941 2554 dicitur

513 2609 684 2700 grippum,
717 2583 898 2661 exhibitas
926 2583 1089 2672 referunt
1119 2579 1355 2668 venationes,
1400 2601 1498 2664 cum,
1512 2581 1680 2668 navales,
1714 2595 1793 2658 tum
1827 2596 1940 2656 terre·

513 2697 614 2794 sires.
675 2694 868 2768 innumera
899 2683 949 2764 cll
983 2683 1179 2782 figurarum
1208 2682 1410 2762 admirabili
1439 2693 1519 2760 erte
1547 2689 1600 2780 m)
1628 2684 1708 2784 rupi
1743 2681 1939 2802 incisarum

516 2815 533 2838 ’·
1692 2847 1699 2869 .
1832 2805 1939 2884 copta

553 2949 591 3077 lrl
613 3017 643 3079 p.
664 3006 735 3069 132.

552 3109 578 3178 l)
600 3096 734 3179 Rlflffm
755 3051 1047 3188 (M⁴s⁶[·‚”⁶!s⁶l⁰l’·
1069 3099 1140 3164 104.
1164 3103 1195 3166 P·
1211 3086 1304 3164 3890
1330 3104 1470 3148 turonem
1497 3088 1650 3150 Κιίιυίιιιι
1672 3092 1702 3149 ie
1728 3051 1940 3152 Seil'rnidarurn
1964 3127 1972 3146 .
2095 3096 2122 3114 ·“

595 3187 667 3246 tiore
690 3173 761 3238 selse
786 3187 927 3272 pgoorrrt.
1254 3212 1261 3230 ,
1326 3217 1334 3236 ,
1371 3244 1375 3256 ¹

500 3392 506 3407 ἱ
553 3291 588 3376 ir)
611 3283 737 3442 Βιιιῦἀειίι
759 3278 885 3361 effigiem
908 3276 976 3341 ride
999 3273 1076 3382 opud
1098 3273 1262 3339 nortorum
1286 3269 1342 3354 (erl
1359 3293 1389 3360 p.
1407 3273 1497 3358 137.)
1518 3277 1613 3398 etDe
1628 3275 1786 3346 Bruanium
1806 3267 1869 3360 (Τ.
1885 3277 1940 3343 lv}
1976 3358 1980 3364 ι

520 3435 524 3464 ⁵
555 3383 711 3562 blial·
729 3408 881 3554 'aneton
906 3481 976 3544 10⁴·
998 3477 1115 3547 roro
1146 3455 1158 3558 ]

555 3579 597 3670 ι)
617 3579 750 3665 *ἽΙιετο
772 3593 821 3635 ere
842 3574 911 3635 bere
927 3587 944 3634 t
959 3571 1019 3630 resi
1042 3569 1166 3630 number
1182 3569 1219 3632 os
1237 3569 1363 3652 figuret,
1384 3563 1424 3630 oll
1440 3565 1577 3630 executed
1597 3565 1672 3630 witlr
1689 3565 1937 3652 wondersus'pre·
2045 3576 2052 3593 '

500 3729 504 3736 ,
545 3677 547 3682 “
597 3655 757 3725 cisiontnd
775 3651 1001 3733 sudgrneotthot
1022 3651 1095 3734 they
1115 3651 1218 3713 would
1240 3667 1307 3724 not,
1336 3649 1475 3732 persaepe,
1506 3649 1579 3708 have
1603 3649 1751 3724 dirgraced
1777 3651 1825 3709 the
1854 3653 1937 3714 finali

583 3745 688 3814 ,orrida
709 3736 746 3800 os
759 3732 1083 3804 Graece-norisiome‘',
1105 3733 1238 3795 Kirraeir.
1259 3753 1289 3813 p.
1308 3745 1376 3808 134.
1409 3731 1440 3791 Si
1458 3731 1578 3793 modum
1598 3749 1656 3790 oon
1672 3733 1799 3792 excurrit
1815 3733 1935 3796 Kirmei·
1966 3770 1971 3778 ·
2023 3803 2026 3808 Ι
2137 3715 2139 3770 ss

594 3843 644 3886 rus
667 3826 792 3891 inerte,
811 3835 868 3898 que
892 3813 1053 3894 exsculptae
1069 3813 1134 3874 sunt
1155 3815 1285 3890 figurae,
1305 3811 1513 3892 preedlttndflr
1536 3811 1698 3870 mirandum
1713 3813 1770 3883 ‘st’
1795 3817 1848 3895 (lul
1869 3816 1934 3878 ⁰⁰⁹¹
1973 3817 1976 3821 ’

594 3905 710 3989 P⁰‘⁰l‘’
731 3915 763 3959 ur
787 3916 840 3974 pro
864 3897 934 3959 ursae
955 3895 1076 3957 heberet
1095 3895 1222 3969 ligures,
1243 3913 1319 3975 quoe
1340 3891 1494 3954 secundnm
1517 3905 1678 3953 ceterorum
1693 3889 1871 3970 scriptorum
1892 3899 1933 3958 te·

593 3978 728 4062 grimoni·
749 3995 776 4040 et
797 3978 909 4042 tabulae
928 3996 1029 4038 aeneos
1050 3977 1112 4058 apri
1139 3973 1354 4056 proculdubio
1376 3971 1450 4036 sunt.
1497 3981 1629 4036 Attamen
1654 3975 1767 4054 aliquid
1787 3979 1851 4037 veri
1871 3975 1933 4040 leu-
1955 4039 1961 4052 ,

591 4069 658 4130 dem
682 4057 765 4123 illem
793 4062 824 4120 in
846 4058 875 4138 se
896 4061 1061 4128 continere,
1089 4057 1252 4117 testimonio
1277 4053 1345 4115 suut
1371 4071 1400 4116 et
1428 4059 1516 4115 ceteri
1541 4053 1743 4133 descriptum.
1787 4059 1834 4117 'Ut
1859 4057 1931 4120 nx'irl

591 4167 665 4210 vero
687 4163 733 4204 ree
752 4139 886 4213 videtur,
912 4157 1049 4201 nonum
1076 4137 1233 4214 perfectior
1255 4155 1320 4208 err,
1345 4133 1391 4196 sed
1414 4139 1484 4197 ertit
1502 4154 1594 4211 gerru·
1615 4139 1644 4194 iu
1666 4137 1747 4195 uiuit
1769 4137 1851 4200 nus·
1874 4139 1939 4211 fuir·

590 4233 678 4296 buius
702 4224 808 4289 studit.
850 4231 952 4298 qum
979 4223 1057 4280 enirn
1079 4221 1137 4280 bae
1164 4217 1276 4295 figurae
1305 4213 1393 4278 essent
1421 4215 1594 4296 incisae.(irr
1620 4156 1687 4277 Alco
1706 4216 1836 4295 litlieoo)
1856 4237 1930 4282 cete·

591 4331 641 4376 „0
666 4325 737 4370 vero
756 4302 864 4366 excisae
883 4307 933 4380 (in
956 4299 1099 4385 Belitae),
1127 4297 1235 4364 sectum
1258 4301 1313 4371 eil,
1347 4313 1380 4360 ut
1402 4297 1457 4361 late
1485 4319 1543 4360 oon
1562 4318 1653 4379 ecque
1675 4317 1707 4360 rc
1733 4297 1877 4368 silentem
1900 4309 1944 4362 οι·

590 4395 668 4474 ilaris
693 4389 830 4450 iniurium
858 4387 1076 4466 experirentur,
1101 4383 1227 4463 ideoque
1254 4379 1448 4456 diligentiori·
1477 4383 1547 4441 artie
1575 4377 1697 4461 speeiem
1721 4399 1790 4460 prae
1805 4322 1928 4458 ,ie-llo·

591 4488 672 4537 rents
707 4467 774 4530 illee
803 4483 875 4530 vero
907 4458 1047 4550 te'mporir
1072 4463 1264 4526 diuturnitate
1293 4459 1408 4538 exesae,
1434 4461 1548 4526 rudiori
1579 4482 1666 4526 rnerru
1693 4457 1855 4546 exsculptae
1878 4481 1927 4549 ap·

585 4563 733 4638 parerent.
1081 4621 1086 4632 ,
1232 4567 1236 4585 “
1889 4591 1895 4602 ’
