4364 5350
471 383 547 476 1'28
600 383 751 464 Pans'd.
767 366 927 458 Prusias
945 365 1098 485 asanaa
1114 379 1320 488 occlusae.
1347 351 1904 498 Sncnao‘llli·MandiMaonm
1952 363 1959 374 ⁴

235 581 243 599 '
353 574 360 600 '
478 581 816 692 obriusVardnem
838 581 898 670 iv.
930 579 1099 665 exbibet,
1137 600 1225 658 nona
1260 587 1336 657 tres
1364 577 1522 680 liguram
1554 591 1668 680 'quae'
1685 579 1904 683 superiorem
1956 637 1976 682 ,-

202 761 207 774 .
474 692 576 772 antri
596 705 736 792 partem
759 699 958 785 occupante
989 710 1053 761 eos
1075 681 1213 770 siliunt,
1237 683 1298 777 qui
1323 684 1461 760 Vareni
1478 686 1514 760 in
1538 683 1818 762 adorinillrando
1833 689 1906 764 im-

316 839 321 848 ·
477 795 581 896 perio
615 793 800 871 adiutores
825 785 1003 866 fuerunt?
1051 787 1126 864 Sed
1157 785 1286 864 etalii
1317 799 1487 879 potentes
1523 809 1654 882 reges,
1686 785 1781 864 inter
1814 809 1907 886 quos

479 900 642 977 cosroes
671 895 954 972 Anuscervanes
983 901 1022 964 at
1052 889 1210 964 Cosroes
1233 871 1431 974 latrones,
1469 901 1509 964 nt
1535 888 1635 984 supra
1661 887 1836 976 uidimus,
1868 893 1930 982 ing
1979 981 1984 988 ,
2019 945 2026 952 -

477 999 571 1079 urbe
594 994 852 1074 Kirmanschah
874 989 1211 1080 commorabantur,
1230 989 1347 1084 'eique
1372 990 1650 1088 amplificandae
1673 1003 1712 1066 et
1735 995 1909 1070 decoran-

357 1159 364 1168 -
480 1101 553 1180 dae
576 1121 726 1199 operam
747 1096 1004 1194 inpenderunt.
1055 1091 1204 1167 Cosrols
1230 1112 1375 1188 quoque
1397 1094 1584 1190 potentiae
1612 1115 1722 1189 quatu
1746 1093 1909 1172 manime

480 1202 656 1280 convenit
680 1221 795 1302 eques
814 1197 891 1286 ille,
914 1193 1016 1274 omni
1036 1192 1185 1268 vellitus
1209 1204 1250 1268 et
1271 1207 1477 1290 armaturae
1500 1179 1687 1296 splendor'e
1708 1195 1908 1297 insignitus.

479 1307 699 1404 Priusquam
729 1299 1000 1400 inscriptiones,
1031 1317 1183 1395 quntum
1214 1308 1253 1370 et
1280 1294 1390 1372 buius
1415 1299 1510 1374 antri
1533 1297 1629 1372 duae
1652 1293 1754 1385 sunt,
1780 1299 1908 1392 descri-

479 1419 567 1512 ptae
584 1419 630 1484 'et
654 1403 856 1506 explicatae
879 1402 1033 1494 fuerint,
1059 1399 1149 1484 certi
1172 1396 1260 1506 quid
1286 1397 1357 1482 hac
1377 1401 1424 1484 de
1447 1422 1489 1480 ru
1510 1395 1605 1484 cilici
1625 1402 1687 1480 vix
1710 1403 1857 1501 poterit.

560 1673 593 1746 5.
622 1657 681 1742 De
706 1671 983 1754 monumentorum
1011 1651 1130 1822 ususet
1143 1643 1307 1821 ἂὲΐοιζζῖζοίσ,
1341 1609 1444 1742 dopna
1463 1625 1663 1744 [ungularum
1680 1653 1828 1736 partium
1866 1631 1896 1656 '³

1085 1759 1152 1817 agur
1179 1757 1245 1797 car
1267 1757 1318 1801 ne·

888 1883 920 1955 a)
942 1882 1191 1942 Monamaaatorum
1215 1881 1277 1956 esur
1300 1895 1328 1938 ct
1352 1879 1499 1960 confilium.
1543 1851 1546 1860 ¹

496 2039 501 2047 ·
580 2014 643 2097 Est
669 2008 766 2110 quod
795 2010 955 2090 mireris,
985 2005 1174 2096 neminem
1205 2017 1355 2092 eorum,
1387 1981 1450 2103 qui
1479 2006 1541 2084 his
1566 2006 1817 2087 monumentis
1845 2031 1908 2088 cu·
2157 2067 2164 2090 .

215 2155 219 2162 ·
370 2197 374 2200 .
480 2143 560 2203 ram
583 2117 797 2215 inpendere,
833 2105 1078 2206 quaestionem
1109 2105 1447 2206 sthi'enplicandam
1474 2106 1648 2199 sumsisse,
1672 2112 1731 2188 cui
1756 2111 1831 2187 usui
1858 2113 1909 2188 in·
1959 2174 1966 2185 .
2051 2197 2057 2209 ,
2176 2057 2179 2190 i

477 2222 671 2320 ,secuerint
700 2215 793 2290 haec
818 2225 940 2300 antra,
969 2231 1082 2309 quum
1110 2216 1240 2287 tamen
1264 2212 1310 2287 ad
1335 2209 1431 2288 hano
1455 2211 1703 2310 quaellionetn
1728 2212 1907 2306 responfio

445 2338 447 2344 '
480 2349 552 2406 nec
575 2346 640 2423 per
665 2317 700 2410 se
725 2328 850 2414 pateat
870 2335 939 2389 nec
964 2312 1199 2406 indagatione
1222 2309 1264 2391 lit
1287 2311 1447 2411 indigna.
1508 2315 1592 2390 Mos
1620 2327 1706 2391 erat
1719 2313 1909 2392 Persarum

212 2421 227 2432 '
373 2419 384 2431 ‘
479 2449 632 2524 regum,
654 2418 860 2496 clariffimas
882 2415 980 2490 uitae
1014 2436 1073 2489 res
1100 2412 1497 2515 geliasmonumentis
1522 2413 1741 2491 celebrandi.
1800 2417 1909 2492 Prae.

480 2533 580 2608 clara
595 2525 669 2601 'illa
697 2521 794 2598 sacto
819 2515 1035 2615 anaglyphis
1055 2514 1216 2613 exprelia
1240 2529 1368 2610 aperte
1389 2515 1645 2602 ostendebant,
1677 2539 1750 2614 quo
1778 2539 1908 2594 monu-
2008 2579 2015 2586 .

480 2639 609 2710 menta
630 2625 745 2702 allent
762 2620 964 2698 reserenda.
1015 2615 1236 2695 Testimonio
1255 2617 1339 2693 snut
1359 2620 1489 2695 rudera
1514 2619 1612 2696 urhis
1638 2617 1805 2718 Schapur
1823 2619 1908 2694 alia·

474 2757 566 2840 ¹(lue.
624 2727 765 2808 Eadem
797 2723 943 2815 ratione
966 2731 1006 2798 et
1030 2717 1249 2815 fingularum
1284 2733 1606 2797 monumentorum
1636 2721 1790 2817 partium
1822 2720 1908 2797 usus

475 2855 548 2940 per
566 2827 769 2927 anaglypha
783 2823 954 2902 innotuit.
1003 2821 1099 2910 Quid
1111 2822 1161 2916 „in
1182 2819 1330 2916 fingulis
1349 2821 1472 2922 palatii
1488 2821 1723 2900 conclavibus
1742 2845 1806 2898 rex
1820 2845 1905 2920 age·

480 2951 556 3024 ret,
581 2933 687 3010 cuive
710 2930 762 3005 rei
782 2925 995 3028 inservirent
1020 2945 1208 3010 camerae,
1229 2924 1432 3019 sculpturae
1455 2947 1564 3022 opera
1588 2925 1691 3000 iniis
1713 2924 1819 3000 obvia
1846 2927 1918 3000 do·-

376 3068 380 3084 ·
480 3039 625 3116 cebant.
684 3031 768 3103 Non
805 3028 953 3118 ignores
981 3027 1018 3094 in
1048 3023 1326 3116 Persepolimnis
1352 3025 1526 3098 conclave
1549 3024 1638 3100 illud
1667 3025 1908 3101 admittendis

479 3135 612 3238 legatis
636 3127 874 3207 destinatume
907 3117 1113 3216 anaglypha
1146 3119 1246 3196 enim
1275 3117 1451 3198 exhibent
1471 3142 1595 3222 regem
1621 3122 1706 3199 sella
1735 3126 1834 3220 regia
1858 3127 1908 3204 lbi
1956 3197 1964 3210 ,

481 3240 691 3322 sedentem,
723 3227 824 3303 omni
850 3223 949 3317 regis
984 3234 1115 3296 ornatu
1143 3218 1339 3318 inignem3
1372 3220 1653 3301 introducuntur
1687 3223 1908 3306 diversarum
1942 3287 1951 3291 -
2053 3221 2059 3234 '

482 3343 674 3422 nationum
700 3327 823 3425 legati.
882 3326 944 3402 Sic
970 3344 1116 3419 quoque
1147 3347 1193 3398 ex
1223 3337 1433 3422 cryptarum
1464 3323 1662 3401 nostrarum
1687 3330 1905 3426 anaglyphis

455 3443 569 3525 ,alus
592 3454 718 3514 earum
739 3448 913 3528 apparere
938 3423 1029 3501 mihi
1053 3424 1207 3500 ridetur.
1259 3425 1419 3502 Antrum
1443 3427 1595 3503 minoris
1618 3429 1759 3528 mamae
1778 3453 1904 3527 quum,

376 3580 377 3588 ¹
484 3544 651 3638 exceptis
670 3531 811 3610 duabus
832 3526 977 3616 statuis,
1003 3524 1101 3610 nulla
1122 3525 1323 3622 sculpturae
1343 3549 1453 3624 opera
1476 3529 1683 3619 contionata
1705 3533 1794 3608 nihil
1817 3533 1907 3612 facit

481 3647 530 3726 ad
556 3643 657 3722 usum
678 3633 787 3730 ipssus
810 3627 1112 3706 constituendum.
1161 3627 1282 3723 Magis
1303 3629 1350 3704 ad
1371 3629 1526 3706 nollram
1549 3653 1627 3706 rem
1648 3624 1906 3716 incitantrum
1932 3675 1936 3684 ·

485 3747 636 3838 maius„
670 3737 759 3812 Eius
785 3732 962 3832 parietes,
995 3751 1016 3804 a
1045 3728 1160 3804 latere
1188 3729 1341 3821 obiecti,
1360 3733 1595 3808 uenationes
1623 3734 1906 3833 repraesentant,

486 3871 571 3928 cum
594 3837 798 3920 terrestres,
824 3847 902 3907 tum
930 3829 1098 3912 naualesa
1132 3853 1196 3908 rex
1222 3829 1315 3932 ipse,
1343 3851 1452 3926 quem
1472 3837 1519 3908 ob
1541 3836 1701 3931 corporis
1721 3835 1905 3932 staturam,

465 3973 557 4052 „qua
585 3943 717 4021 ceteris
737 3932 963 4018 hominibus,
1000 3945 1041 4008 ut
1062 3931 1221 4026 semper,
1247 3933 1412 4021 eminet,
1447 3933 1545 4016 haud
1562 3936 1721 4032 ignores,
1748 3939 1786 4015 in
1813 3954 1907 4017 ntro·

361 4053 380 4072 “
485 4076 559 4153 que
572 4049 711 4146 pariete
727 4053 880 4117 venator
893 4033 948 4110 bis
964 4032 1093 4110 ‘obvius
1109 4033 1168 4109 eli.
1208 4033 1906 4137 Hincsacilecognoscaseelligoadun

478 4169 598 4256 μω,
618 4144 797 4222 lalludere
826 4137 919 4213 baec
947 4135 1152 4234 anaglypha
1180 4135 1227 4210 ad
1256 4135 1443 4229 regionem
1473 4144 1566 4216 circa
1595 4141 1905 4240 iacentemque
1976 4181 1977 4186 Ν

484 4259 700 4336 venationes
719 4237 903 4319 habehant
922 4261 1038 4336 reges.
1090 4236 1218 4314 Fidem
1239 4237 1327 4313 lacit
1346 4240 1432 4315 huic
1448 4239 1650 4319 sententiae
1671 4223 1774 4320 iocus
1790 4247 1905 4321 Ham·

396 4347 421 4408 ¹·
484 4358 607 4448 duliae
628 4351 738 4450 -supra
766 4341 956 4432 laudatus,
991 4364 1064 4444 qno
1098 4341 1275 4426 certiores
1304 4339 1431 4432 fimus,
1464 4343 1671 4424 ‘fcosroem
1704 4347 1904 4426 Abruizem

545 4476 549 4482 ·
1756 4448 1905 4528 hortum
