4354 5356
347 2031 548 2226 Annus
572 2141 635 2226 cll
663 2161 706 2228 et
742 2165 792 2226 eo
828 2122 1026 2252 amplius,
1053 2123 1121 2224 'etr
1152 2159 1239 2248 quo
1282 2113 1739 2258 AmplillimusPlrilol
1764 2179 1780 2202 ι

347 2279 534 2390 phorum
565 2277 682 2359 Ordo
715 2276 821 2360 hanc
851 2289 987 2361 mea‘m
1017 2273 1352 2386 qualemcunque
1380 2279 1776 2364 commentationem

309 2491 312 2496 .
348 2419 534 2530 praemio
557 2411 688 2522 Regio
707 2411 891 2518 ornavit3
919 2412 998 2494 iam
1021 2435 1126 2492 vero
1149 2409 1318 2516 demum
1343 2415 1455 2522 typis
1475 2410 1662 2524 exprella
1684 2427 1778 2522 pro·
1850 2421 1866 2455 ⁰

348 2551 418 2644 dit.
470 2545 613 2667 Qod
645 2549 716 2655 qui
746 2541 901 2637 factum
934 2545 999 2654 lat,
1036 2539 1179 2660 paucis
1209 2545 1250 2631 t'e
1282 2545 1500 2678 admoneo,
1560 2545 1712 2672 Qum
1734 2553 1790 2634 in·
1892 2569 1896 2576 ’

348 2713 399 2772 eo
431 2681 576 2792 eliem,
616 2678 868 2791 nt'opellam
899 2683 1005 2768 hanc
1036 2683 1161 2796 prelis
1192 2677 1456 2792 subiicerem,
1493 2681 1563 2772 en!
1606 2711 1659 2770 ex
1689 2687 1777 2774 An·

199 2807 203 2821 ’
290 2905 293 2912 ,
348 2821 431 2930 glia
458 2817 510 2904 ad
535 2817 691 2900 nostras
714 2842 807 2902 oras
830 2812 1110 2908 afferebantur
1132 2813 1401 2906 recentillinra
1424 2819 1713 2906 Britannorum
1737 2823 1778 2906 in

348 2951 480 3036 Perfia
504 2953 856 3060 peregrinantium
877 2977 1024 3058 opera,
1045 2919 1320 3036 'Malcolmi
1328 2957 1339 3034 i
1371 2948 1542 3056 scilicet,
1577 2952 1780 3062 Elplrin·

333 3079 495 3192 jstonii
533 3106 573 3166 et
609 3081 919 3194 Patr-ingeri,
959 3106 1066 3192 quae
1103 3083 1271 3192 quidem
1314 3081 1411 3168 licet
1450 3111 1581 3196 pauca
1615 3079 1776 3176 tantum

349 3209 608 3308 ad‘nollram
630 3243 719 3302 rem
752 3220 1032 3324 continerent,
1067 3217 1160 3328 ipsrs
1190 3218 1270 3302 istie
1301 3221 1444 3328 paucis
1468 3209 1777 3310 commentatio-

350 3385 446 3445 nem
471 3382 607 3444 meam
633 3381 758 3465 egere
781 3353 905 3440 nolui.
956 3354 1185 3440 Malcolmii
1209 3353 1313 3440 liber
1337 3355 1493 3442 idcirco
1516 3357 1625 3448 haud
1653 3357 1780 3474 negli·

124 3466 128 3480 ’
232 3589 235 3598 ‚
333 3485 513 3608 'gendos
539 3491 775 3600 videbatur,
805 3489 920 3602 quod
948 3489 1096 3575 tabulis
1118 3489 1327 3576 nonnullis
1352 3495 1488 3578 aeneis
1512 3513 1809 3585 monomenta·

351 3629 537 3737 exhibet,
567 3626 618 3712 ab
642 3627 727 3712 aliis
750 3625 1132 3735 peregrinatoribus
1161 3623 1228 3708 vel
1253 3619 1392 3710 omilsa
1415 3630 1479 3710 vel
1503 3629 1781 3742 negligentius

155 3829 169 3848 .
297 3791 303 3856 ῑ
350 3763 533 3878 depicta3
562 3752 708 3874 reliqui
731 3787 837 3845 vero
864 3759 953 3846 duo·
976 3786 1109 3871 quum
1139 3761 1330 3871 regiones
1356 3769 1685 3874 peragraverim,
1714 3784 1783 3854 au·

351 3926 414 3987 tea
434 3897 604 4016 prorsus
620 3897 708 3986 fere
729 3897 850 3985 nobis¹
868 3903 1121 4008 incognitas,
1152 3897 1206 3982 ob
1220 3897 1269 3982 id
1291 3893 1424 4008 ipsum
1442 3903 1664 4012 attentione
1687 3898 1783 3992 sunt

351 4037 579 4150 digniffimi.
637 4036 753 4122 Ordo
782 4041 835 4126 A.
866 4029 992 4143 igitur
1016 4055 1189 4152 rogatus
1212 4031 1330 4118 facile
1354 4035 1454 4118 mihi
1479 4039 1690 4148 conceffit,
1721 4066 1784 4152 ut,

352 4201 460 4288 quae
485 4179 749 4282 ¹continerent
772 4195 963 4256 auctores
989 4170 1068 4277 isti,
1099 4174 1137 4252 in
1164 4161 1283 4253 usum
1308 4197 1451 4256 meum
1477 4199 1783 4268 converterem,
1832 4155 1861 4280 ⁸,

298 4290 306 4305 ’
353 4314 606 4440 Quacum
635 4308 925 4398 benevolentia
958 4301 1154 4433 atcania
1187 4307 1359 4415 exstitit,
1396 4313 1623 4419 quominus
1649 4313 1781 4403 statim

1081 4553 1086 4564 “
1114 4581 1141 4632 x

1645 4452 1782 4563 prodi-
1835 4445 1846 4458 ’
1888 4467 1890 4472 ’
