4364 5350
1824 175 1871 230 ¹¹0

516 453 587 542 148
641 447 734 520 Pras
752 447 791 540 A,
815 443 974 532 Paterae
993 417 1146 516 ιιιιιιιιιι
1162 443 1366 522 occrnsirn.
1383 443 1533 528 ‚Sec'nto
1552 425 1609 523 lu.
1638 449 1770 523 Mania
1787 443 1957 544 uticus,

441 593 619 728 J'ffies
672 639 733 722 Est
761 643 861 723 enlm
895 593 1222 733 moenomadum,
1255 669 1348 744 quos
1373 645 1520 733 dicunt,
1555 593 1849 722 ad‘linns'sedes
1877 661 1944 724 nn'·
2064 701 2071 710 -

346 822 351 830 ,
382 760 385 763 ’
515 771 580 844 per
606 749 804 824 admodum
828 750 1078 838 redactorum,
1112 763 1153 822 ut
1166 751 1286 824 modo
1302 751 1488 824 accedant
1518 749 1572 820 ad
1587 749 1721 825 urbem
1743 751 1944 828 inhabitan-

514 853 614 932 dam,
647 851 757 925 modo
788 853 943 928 eandem
971 852 1188 946 relinquant.
1248 853 1328 934 Qua
1368 859 1405 926 in
1432 870 1473 926 re
1502 849 1684 926 causam
1676 854 1843 938 invenio,
1879 875 1946 928 cur

514 942 692 1050 plurimae
720 955 880 1029 Orientis
909 954 1083 1051 antiquae
1115 953 1223 1026 nrbes
1255 955 1368 1026 muris
1395 951 1656 1048 circumseptae
1683 978 1754 1026 non
1786 954 1955 1045 suerint,

516 1077 596 1134 e.c.
622 1055 858 1153 Pasargada-,e
884 1054 991 1141 Susa,
1014 1055 1190 1151 aliaeque.
1243 1055 1365 1141 Quum
1392 1057 1489 1130 enirn
1510 1055 1709 1130 incolarum
1738 1058 1861 1130 muiti·
1851 1079 1948 1152 per

513 1159 601 1230 inde
627 1157 730 1231 sedes
755 1171 953 1250 mutarent,
978 1109 1197 1253 superfluum
1221 1151 1344 1232 suisset
1367 1155 1519 1255 spatium
1540 1157 1686 1253 aliquod
1713 1181 1825 1234 muris
1847 1161 1955 1234 clau-¹

400 1289 409 1296 ·
514 1259 620 1340 dere.
648 1261 837 1356 quodiam
853 1282 932 1334 non
953 1258 1164 1355 explevisset
1185 1259 1384 1335 incolarum
1409 1259 1625 1344 multitudo,
1658 1258 1730 1334 iam
1758 1263 1877 1355 longe
1891 1260 1947 1337 lu·
1990 1287 1993 1296 ·
2050 1271 2054 1278 '

514 1358 675 1454 perallet.
730 1361 849 1444 auae,
879 1362 975 1457 quod
999 1384 1125 1457 parum
1151 1361 1411 1458 circumspecte
1434 1359 1560 1456 egisl'et
1580 1363 1755 1444 Deioces,
1781 1361 1803 1434 fi
1831 1385 1949 1458 popu.

446 1457 448 1468 '
493 1461 588 1538 ¹lum
612 1464 733 1536 adhuc
759 1461 962 1550 barbarum,
992 1463 1181 1540 venationi
1208 1477 1247 1536 et
1270 1466 1461 1559 pecuariae
1482 1463 1663 1547 deditum,
1696 1465 1808 1538 muris
1825 1464 1947 1538 subito

514 1573 685 1640 coe'rcere
715 1564 913 1666 studuisset,
949 1565 1039 1641 nihil
1069 1567 1140 1640 hoc
1171 1567 1318 1658 aegrius
1348 1569 1598 1642 toleraturum:
1657 1567 1761 1654 Sed,
1795 1573 1946 1660 reponis
2076 1615 2078 1622 ι

512 1665 625 1749 mihi,
659 1666 845 1740 inmensus
867 1689 1054 1750 murorum
1086 1668 1258 1748 ambitus,
1289 1682 1444 1764 quatuor
1476 1668 1721 1742 milliariorum
1756 1670 1953 1760 Germanis

476 1774 484 1782 ’
513 1791 661 1857 corum,
687 1771 803 1840 maior
828 1768 896 1850 est,
928 1791 1038 1863 quam
1062 1771 1123 1862 qui
1153 1773 1348 1845 conveniat
1371 1766 1443 1843 a'rci
1471 1768 1560 1840 soli?
1614 1767 1847 1862 Respondeo,
1871 1768 1947 1864 spa·

442 1941 446 1956 ,
513 1875 624 1953 tium.
650 1871 747 1966 quod
770 1869 1028 1944 includebatur
1050 1871 1119 1944 illo
1141 1871 1388 1962 munimento,
1425 1868 1543 1944 multo
1568 1868 1699 1943 minori
1730 1868 1839 1944 fuerit
1867 1893 1990 1948 am·
1985 1937 2011 1976 n

302 2049 305 2058 Δ
424 1983 427 1987 “
513 1971 589 2048 bitu
615 1970 756 2046 necesse
781 1970 851 2058 eit,
877 1994 988 2067 quum
1014 1966 1150 2068 septem
1176 1968 1425 2056 ellentmuri,
1458 1969 1649 2047 intervallo
1676 1969 1819 2045 sortalle
1844 1972 1946 2048 haud

512 2095 625 2175 parvo
655 2075 812 2148 invicem
840 2025 1049 2154 ’conditoria
1081 2075 1176 2158 adde
1200 2074 1332 2168 quod
1323 2093 1360 2145 ιιι
1388 2092 1514 2147 eorum
1548 2072 1674 2145 extimi
1701 2073 1945 2168 amplitudine
2011 2109 2013 2112 v

507 2169 721 2269 delinienda
760 2171 954 2250 veritatem
984 2146 1128 2276 forcalle
1165 2175 1272 2270 paulo
1309 2175 1467 2268 excurrit
1503 2173 1736 2261 Herodotus,
1748 2178 1839 2268 qui
1870 2173 1950 2271 ipse

358 2334 364 2363 ,
451 2325 458 2334 ,
512 2276 698 2352 Ecbatana
738 2299 810 2351 non
844 2277 944 2351 vidit.
1012 2269 1146 2352 Arcem
1180 2284 1267 2352 iero
1299 2297 1373 2350 non
1405 2282 1554 2369 paruum
1591 2274 1742 2368 spatium
1779 2274 1838 2352 fibi
1883 2297 1945 2370 po·
1985 2265 1993 2280 ⁰

512 2374 684 2476 poscille,
713 2378 808 2452 inde
823 2380 959 2474 prodit,
994 2381 1090 2474 quod
1124 2379 1270 2474 plorat
1248 2375 1272 2451 s
1275 2376 1349 2452 mul
1369 2375 1535 2458 aedilicia
1557 2379 1754 2460 continuit
1781 2399 1943 2474 quornm

398 2535 403 2542 -
476 2479 613 2576 ‘regia
643 2478 713 2554 sola
745 2478 881 2576 septem
911 2479 1104 2555 stadiorum
1131 2479 1271 2556 ambitu
1301 2480 1382 2554 suit.
1436 2479 1704 2564 Ecbatanorum
1737 2499 1878 2554 arcem
1890 2478 1970 2556 lo·‘

2043 567 2053 621 l

2146 1551 2153 1696 ι

2053 1805 2153 1950 ι.

2149 1967 2153 2084 ι

438 2605 440 2612 ·
512 2581 585 2656 lam
614 2578 678 2655 ιι
662 2583 774 2655 muris
799 2581 869 2656 illis
899 2583 1056 2656 cinctam
1091 2582 1349 2676 intelligimus,
1401 2579 1510 2654 sacile
1541 2591 1581 2656 et
1613 2579 1683 2654 alia
1709 2579 1846 2655 tollitur
1870 2580 1946 2656 dis·
2057 2610 2059 2624 ¹
2151 2555 2152 2568 Ν

442 2713 448 2721 ·
481 2703 486 2714 ·
510 2679 641 2770 senso
667 2684 763 2758 inter
779 2683 1009 2759 Herodotum
1034 2684 1240 2765 dicentem,
1272 2703 1397 2758 muros
1421 2680 1551 2756 collem
1568 2666 1774 2776 occupasse,
1798 2696 1838 2756 et
1857 2683 1955 2758 Dio-.

511 2777 828 2861 dorumsicnlum
854 2785 917 2877 b)
950 2789 987 2861 in
1015 2785 1163 2882 planitie
1189 2787 1372 2861 Ecbatana
1403 2782 1465 2859 stta
1495 2781 1698 2858 testantem.
1755 2784 1831 2861 Arx
1857 2781 1947 2861 scili'
2049 2815 2084 2880 g

382 2909 385 2920 ’
452 2969 455 2974 ,
513 2899 575 2963 cet
603 2887 733 2966 collem
763 2888 985 2990 occupabat,
1020 2889 1117 2966 dum
1141 2888 1241 2966 urbis
1264 2890 1404 2987 reliqua
1428 2909 1511 2987 pars
1530 2885 1568 2960 in
1596 2884 1785 2983 planitiem
1815 2907 1951 2964 excute
2046 2903 2048 2908 ’

514 2988 629 3065 rebat

614 3185 722 3276 Quod
745 3142 793 3265 ad
822 3195 938 3264 totam
970 3185 1159 3263 Herodoti
1178 3185 1225 3264 de
1252 3163 1524 3265 Ecbatanorum
1554 3182 1669 3260 muris
1694 3187 1946 3268 narrationem

512 3291 665 3376 attinet,
692 3315 764 3366 non
788 3291 1001 3372 defuerunt,
1029 3291 1089 3386 qui
1115 3311 1190 3365 rem
1214 3302 1254 3364 ut
1276 3289 1492 3395 figmentum
1520 3307 1671 3362 reticere
1693 3288 1945 3382 νοιιιιιιιιιι),
2027 3369 2032 3382 ,

493 3390 732 3496 ἰιιιιιιιιιιυε
760 3415 846 3465 uero
873 3393 915 3468 cl.
943 3393 1147 3468 Creuzerus
1170 3393 1218 3480 d)
1250 3383 1462 3472 contendit,
1497 3390 1670 3464 Derocem
1710 3414 1772 3485 per
1803 3391 1973 3490 septemv

465 3560 475 3572 .
511 3477 783 3572 Ecbatanorum
809 3517 937 3568 muros
967 3496 1133 3590 planetas
1154 3493 1422 3588 repraesentare
1444 3490 1603 3566 roiuille
1665 3491 1829 3568 Eandem
1857 3517 1944 3591 quo·

512 3595 712 3676 dammodo
742 3595 956 3673 sententiam
993 3597 1083 3670 mihi
1117 3597 1326 3672 informavi:
1368 3618 1553 3670 murorum
1592 3591 1725 3668 scilicet
1749 3619 1942 3686 numerus,
1989 3631 1994 3644 ·

511 3700 751 3792 colorumque
770 3698 962 3774 diversitas
984 3699 1128 3776 causam
1160 3699 1249 3775 mihi
1277 3698 1413 3774 habere
1439 3695 1617 3770 videtur
1608 3717 1644 3768 m
1673 3697 1857 3774 Persarum
1887 3699 1939 3794 sy·

510 3797 662 3876 stemate
686 3801 930 3892 planetarum,
958 3824 1180 3899 quamquam
1205 3825 1279 3874 non
1303 3798 1575 3884 contenderim,
1602 3796 1941 3896 symboliceplanes
2028 3857 2032 3860 -
2151 3817 2153 3828 ²

511 3915 569 3980 tas
593 3900 710 3978 sistere
741 3903 886 3978 voluisse
911 3905 1124 3980 Deiocem.·
1159 3901 1333 3980 Persuasit
1356 3905 1425 3976 boc
1452 3899 1540 3976 mihi
1569 3903 1724 3990 primum
1752 3923 1956 3978 murorum·
2151 3893 2153 3912 '

431 4037 434 4043 ·
512 4027 708 4084 numerus:
742 4005 881 4104 septem
912 4007 1016 4102 fuere
1051 4003 1321 4085 Ecbatanorum
1345 4005 1525 4094 ambitos,
1557 4001 1694 4102 septem
1720 4003 1791 4081 snit
1816 4006 1938 4102 plane·

1771 4173 1774 4182 .
1819 4119 1939 4186 tarum

524 4373 528 4382 ·
552 4337 588 4416 ι)
609 4340 646 4403 ιι.
671 4359 696 4403 ι.
713 4351 761 4415 13.

552 4446 583 4517 ι)
606 4445 686 4502 luter
706 4463 758 4503 eos
783 4444 822 4505 ιιι
837 4442 1071 4504 Mannertor
1084 4445 1135 4514 (V.
1151 4441 1252 4523 ibn).

552 4546 588 4628 ιι)
608 4547 756 4634 symbolik
775 4569 805 4615 ιι.
830 4547 959 4635 Mysios.
984 4553 1023 4613 ιι.
1043 4567 1072 4634 p.
1087 4549 1160 4618 ιιι.
