4364 5350
453 423 528 513 tuit
577 400 673 490 Pars
686 416 726 489 d.
752 413 914 487 sanstae
931 431 1085 484 cereas
1102 427 1308 513 accurrite.
1334 413 1475 490 Securo
1491 418 1549 492 sii.
1567 417 1883 494 irrorantiam.

190 642 194 650 ·
314 693 319 698 .
398 679 427 694 ,.
453 637 585 693 manus
618 611 946 692 versusCosroern
973 610 1253 709 protenderent,
1279 613 1404 691 nullibi
1427 615 1556 692 obviae
1577 615 1681 706 suut,
1709 615 1772 694 oisr
1798 618 1887 697 alitt-¹
1968 673 1971 678 ·

440 719 542 794 ¹ciere
573 719 662 794 uelis
687 713 901 793 Cazvinium
928 715 977 788 ad
1005 713 1141 808 figuras
1162 717 1198 788 in
1226 718 1424 811 parietibus
1447 742 1469 793 a
1495 719 1610 794 tatere
1642 720 1797 798 obiectis
1826 722 1887 794 ob·

455 817 532 917 vias
554 820 597 910 e).
649 819 774 894 Homo
804 819 883 900 iiie,
910 821 971 912 qui
998 817 1131 894 eudem
1156 818 1320 910 Caztino
1341 817 1451 906 teste,
1482 822 1601 918 putam
1630 835 1886 908 manutenet.

454 923 529 996 iarn
548 943 731 1020 nusquam
755 918 983 1022 conspicitur.
1032 917 1250 995 Tenendum
1276 933 1461 1014 praeterea
1486 922 1553 1011 eii,
1585 922 1800 1013 Caucinum,
1827 925 1887 1003 vei
1914 917 1921 922 ’

307 1029 310 1038 “
436 1047 522 1099 eos
542 1045 635 1121 quos
660 1022 818 1119 sequitur
829 1020 898 1118 s),
924 1019 1183 1122 oeclprdinem
1208 1021 1339 1110 injhac
1359 1021 1598 1120 descriptione
1622 1026 1791 1110 tenuisse,
1818 1050 1889 1102 nec

442 1121 603 1211 [veritati
634 1125 790 1198 muitum
822 1109 1007 1207 studuisse,
1034 1119 1104 1196 sed
1130 1119 1323 1208 addidisse,
1360 1123 1540 1201 disiuncta
1575 1127 1816 1215 coniunxisse,
1851 1141 1891 1206 et

455 1229 626 1312 omniunt
665 1237 772 1323 prout
789 1223 924 1298 vliberet
953 1235 993 1297 et
1012 1225 1248 1299 commodum
1276 1224 1481 1311 videretur,
1508 1225 1626 1326 egisse.
1650 1267 1703 1282 -
1752 1233 1891 1314 Miran-
2022 1223 2025 1228 ’

364 1347 367 1350 ·
403 1417 417 1430 ἢ
456 1323 545 1403 dum
576 1325 643 1412 est,
690 1326 897 1423 scriptorum
933 1323 1174 1401 Orientalium
1211 1333 1397 1401 neminem
1430 1327 1700 1425 inscriptionum
1733 1335 1890 1418 mentio·

455 1452 542 1505 nem
568 1427 747 1522 iniecisse;
778 1425 950 1516 interiisse
976 1426 1126 1502 uidetur
1146 1425 1414 1506 Saisanidatum
1440 1430 1588 1525 linguae
1620 1437 1781 1534 cognitio
1814 1435 1889 1512 iam
2002 1469 2006 1474 ·

337 1551 339 1566 ⁴
455 1553 571 1631 pauca
596 1529 735 1608 saecuta
761 1528 838 1630 posi
860 1526 1018 1631 ipsorum
1047 1534 1371 1609 monumentorum
1395 1532 1585 1632 originem.
1624 1563 1640 1622 ,·

1023 1753 1056 1817 3.
1087 1737 1330 1832 suscriptionem

314 1883 318 1896 '
430 1925 435 1930 -
469 1881 471 1887 '
555 1871 641 1950 Non
670 1883 920 1951 uno‘tantum
952 1872 1032 1950 ioco
1057 1889 1303 1953 monumenta
1333 1874 1393 1950 iiia
1421 1870 1673 1972 inscriptiones
1703 1870 1889 1964 exhibent,

430 1971 499 2074 —in
525 1977 673 2052 maioris
704 1978 798 2054 autri
825 1977 993 2052 exteriori
1018 1987 1140 2072 parte,
1174 1977 1215 2051 ut
1233 1976 1338 2070 supra
1365 1977 1594 2070 monuimus,
1631 1973 1811 2074 inscriptio
1835 1975 1890 2051 su-

457 2071 521 2150 iiie'
554 2079 716 2168 videtur,
758 2078 923 2176 itemque
951 2079 988 2153 in
1023 2079 1186 2153 eiusdem
1223 2081 1318 2152 antri
1349 2081 1486 2172 pariete
1518 2079 1720 2174 posteriori,
1757 2079 1793 2154 io
1826 2077 1889 2176 iiio
1966 2115 1971 2120 -

456 2181 686 2276 anaglypho,
727 2179 823 2277 quod
855 2195 930 2255 tres
960 2179 1096 2273 figuras
1129 2180 1289 2260 exhibet.
1341 2182 1398 2258 De
1422 2181 1470 2255 iis
1494 2202 1580 2258 veru
1605 2181 1694 2256 nihii
1717 2176 1917 2267 innotuis]

354 2323 357 2328 ,
439 2276 522 2352 ‘nist
545 2283 642 2378 quod
666 2281 713 2356 de
734 2284 845 2357 attera
865 2282 956 2357 dicit
978 2280 1175 2364 Rouiseau,
1203 2279 1353 2358 similem
1375 2281 1448 2357 eise
1471 2283 1551 2357 eius
1576 2273 1782 2377 scripturam
1804 2279 1888 2360 cba-

440 2383 718 2460 'racteribusin
740 2387 861 2459 numia
882 2383 1147 2459 Saffanidar'um
1172 2383 1299 2460 obviis.
1350 2383 1592 2460 Soiummodo
1625 2383 1888 2482 inscriptiones,
1934 2477 1939 2482 Ι

307 2559 311 2570 ,
442 2503 551 2580 'quae
576 2493 613 2564 iu
644 2481 820 2574 secundo,
853 2487 1003 2562 minoris·
1017 2483 1153 2582 formae
1181 2495 1284 2561 antro
1312 2485 1469 2568 exstant,
1510 2486 1743 2582 percognitus
1775 2483 1905 2560 habu·¹

377 2599 389 2672 J
428 2605 553 2672 ¹mus,
605 2586 902 2686 Beauchampius
935 2595 1031 2664 enim
1062 2611 1126 2662 eas
1150 2586 1316 2683 depinxit
1349 2587 1702 2679 etcommuuicarit
1728 2609 1810 2662 cum
1839 2585 1888 2662 de

378 2775 380 2781 Α
456 2685 581 2780 Sacyo
600 2691 652 2782 g).
707 2691 810 2774 Quae
833 2711 920 2763 vero
940 2686 1131 2787 descriptio
1156 2712 1239 2764 cum
1265 2689 1404 2765 exalia
1428 2692 1528 2786 parte
1549 2689 1715 2776 lacunas,
1746 2713 1792 2762 ex
1816 2687 1887 2764 aiio

455 2788 686 2866 characteres
721 2789 846 2866 exesos
878 2787 1050 2881 referret,
1082 2790 1220 2889 expleri
1253 2789 1380 2868 debuit
1412 2791 1703 2867 et‘coniecturis
1738 2788 1886 2865 restitui.

455 2893 564 2979 Quod
596 2891 817 2990 quamquam
851 2889 990 2971 summo
1015 2891 1126 2969 animi
1148 2895 1318 2970 acumine
1343 2897 1384 2970 'et
1405 2893 1547 2988 ingenti
1570 2894 1757 2969 doctrinae
1779 2913 1888 2996 appu·
1978 2977 1982 2984 .

355 2997 373 3018 '‘
428 3007 538 3068 *ratu
562 2995 692 3087 fecerit
719 2997 947 3090 DeSacyus,
976 2995 1100 3092 evenit
1125 3007 1269 3076 tamen,
1298 3007 1355 3079 ut,
1382 3017 1493 3087 quum
1516 2995 1718 3070 Bembonis
1743 2993 1888 3069 itinera·

442 3096 552 3182 ,rium
580 3093 762 3190 prodiret,
792 3087 1038 3184 eiusdemque
1067 3092 1240 3166 itinerarii
1272 3089 1412 3182 effigies
1445 3107 1483 3168 et
1504 3095 1607 3178 duae
1635 3095 1886 3188 inscriptiones
1999 3087 2005 3096 “

456 3196 751 3272 communicatae
789 3191 909 3281 essent
937 3213 1020 3268 cum
1060 3191 1115 3265 De
1142 3195 1283 3287 Saepo,
1322 3192 1439 3268 irritas
1472 3193 1766 3290 deprehenderet
1800 3217 1888 3270 cou-

443 3303 624 3375 'iecturas
682 3299 900 3374 Emendavit
923 3295 1031 3391 igitur
1056 3297 1109 3368 vir
1136 3291 1343 3370 clarissimus
1365 3317 1459 3392 quae
1484 3296 1554 3372 iam
1580 3296 1613 3371 ei
1639 3299 1675 3371 in
1699 3319 1886 3372 commen·

390 3397 393 3415 '
456 3409 597 3480 tatione
630 3400 738 3498 priori
766 3399 871 3474 secus
898 3397 1134 3499 videbantur,
1173 3395 1347 3494 adhibitis
1375 3399 1500 3489 notis,
1530 3421 1624 3498 quac
1649 3396 1886 3577 -ecceisesrabnffl
2001 3436 2004 3444 ·

449 3536 452 3544 Δ
1452 3533 1454 3539 ’
1798 3523 1819 3576 u

496 3709 524 3784 e)
547 3707 603 3768 i’er
623 3716 884 3770 monumentorum
908 3707 1037 3786 picturae
1058 3705 1135 3787 rpud
1159 3699 1360 3766 Meicoimiurn
1380 3697 1490 3763 cienrm
1514 3700 1571 3774 eii,
1595 3695 1703 3781 figures
1731 3701 1884 3788 primariae

537 3785 648 3849 nusianr
673 3791 809 3850 exhibere
834 3787 981 3848 seminam.
1027 3791 1155 3850 Sebirirre
1180 3801 1276 3844 cratem
1302 3787 1321 3846 si
1346 3801 1446 3844 revere
1469 3785 1499 3845 in
1520 3782 1576 3845 iiii·
1602 3789 1693 3851 aratris
1720 3783 1883 3861 repraesen-

536 3883 596 3932 tate
626 3867 742 3944 suisset,
768 3873 844 3931 inter
870 3873 1012 3950 principer
1039 3871 1114 3930 haud
1139 3867 1229 3929 dubie
1252 3865 1357 3940 figurae
1381 3860 1477 3923 ioruru
1511 3867 1666 3929 obtineret.
1718 3865 1883 3926 Perietetc

528 3948 629 4012 ¹intere
649 3954 943 4013 obieetiinnumercr
967 3952 1084 4032 quidem
1114 3947 1243 4024 reserant
1266 3944 1376 4022 effigiet
1397 3941 1494 4032 sormp
1516 3949 1635 4007 minime
1657 3945 1714 4024 (sd
1734 3949 1896 4016 minimrm'
1942 3965 1950 3972 ·
1988 4024 1993 4034 ὃ

536 4049 650 4114 portem
681 4052 697 4092 e
735 4030 905 4095 Meiroimio
940 4032 1103 4115 depictae),
1139 4035 1217 4093 iuter
1252 4047 1335 4116 quer,
1354 4041 1449 4115 taruco
1479 4027 1610 4090 Schirina
1641 4031 1690 4088 rix
1717 4025 1883 4109 quecreode

537 4116 666 4177 Videtur·

485 4221 735 4305 ,siQtamquem
761 4213 820 4300 ipse
845 4205 989 4282 Cerrinus
1016 4210 1208 4286 monumento,
1234 4216 1331 4278 nosirrt
1356 4215 1447 4288 vidit,
1476 4231 1568 4298 quum
1595 4225 1690 4273 temen
1713 4225 1743 4274 et
1766 4210 1882 4276 conciet
1910 4265 1918 4272 .

535 4304 660 4366 Periiros
683 4287 799 4374 trudet,
827 4301 1047 4369 incertumeii,
1081 4314 1181 4360 utrum
1206 4313 1242 4358 ex
1264 4299 1350 4382 ipsrut
1373 4296 1507 4374 iuditio,
1535 4293 1740 4377 austriorum
1763 4293 1880 4358 conciet
2001 4369 2006 4378 ¹

535 4381 665 4458 secutur,
686 4383 916 4467 descriptionem
930 4381 1103 4442 exhibuerit.

488 4489 525 4576 g)
547 4493 594 4554 De
618 4503 734 4568 sacr,
753 4492 900 4555 mentirer
915 4485 971 4569 sur
994 4486 1056 4553 dic.
1082 4505 1113 4570 p.
1132 4499 1205 4556 211.
