4364 5350
463 377 639 490 uentri.
689 407 953 488 Mosuuerine
981 426 1030 483 eu
1057 427 1185 490 ornere
1202 407 1531 495 :Krrurussnuum¹
1594 449 1598 462 ι
1625 437 1700 516 ¹3?

190 678 224 694 ·*
261 685 266 693 ·
403 687 407 694 -
469 614 503 681 ⁶·
528 613 589 676 D'
614 577 702 674 ⁶733}
726 609 842 692 '‘ss“”s
861 577 1138 696 ”Offensum
1160 607 1276 701 ¹sudosa
1300 621 1333 674 et
1353 622 1488 678 maturo.
1544 627 1546 630 ·

19 663 46 722 t·
104 703 109 708 ¹
365 707 515 813 persae,
538 715 1021 821 qnumanato‘mesreguias
1042 730 1375 815 pessumeuntem,
1402 720 1502 798 nullo
1525 697 1698 822 'tempure

229 868 234 874 -
263 821 303 898 in
321 820 607 924 sculpendi-arte
630 823 873 899 eminuerunt.
926 817 1049 895 Nihilo
1071 817 1187 904 secius
1211 833 1337 898 tamen
1358 823 1468 901 testes
1490 823 1571 902 sunt
1594 849 1693 923 pere·

263 925 487 1022 grinatores‚
522 927 722 1024 figurarum
753 925 813 1001 hie
842 919 1192 1022 repraesentaturum
1228 924 1366 1004 uultus
1407 939 1509 1015 unte
1529 925 1692 1024 singula.

263 1036 531 1129 rum-partium
561 1033 809 1116 concinnitate
844 1021 1047 1121 exsculptus
1077 1023 1252 1116 inveniri,
1287 1039 1402 1103 utne
1432 1030 1591 1124 optimos
1617 1032 1693 1128 qui·
1737 1033 1741 1040 ’

263 1130 348 1206 dem
376 1135 600 1211 Graecorum
617 1131 927 1234 Romanorumre
952 1125 1112 1224 artifices
1128 1129 1369 1224 dedecerent.
1420 1131 1528 1216 Quod
1553 1132 1691 1227 praedi-

263 1243 350 1314 cent
382 1237 690 1332 peregrinatone,
726 1251 811 1308 oum
840 1225 987 1307 inu'liis
1011 1229 1142 1306 borum
1165 1241 1489 1326 monumentorum
1519 1234 1692 1329 partibus,

262 1347 343 1410 tum
363 1336 400 1412 io
424 1337 549 1434 figuris
574 1337 643 1412 iliis
665 1333 816 1410 minoris
839 1328 1000 1413 formae,
1033 1353 1129 1432 quae
1153 1333 1248 1410 antri
1274 1332 1426 1408 maioris
1446 1333 1643 1432 parietibus
1667 1359 1692 1414 u
1785 1379 1787 1384 .
1860 1301 1863 1306 Ι

19 1395 21 1434 ³
157 1469 160 1472 ·
260 1435 377 1513 latere
398 1435 703 1514 obiectislncisee
721 1436 822 1524 sunt,
842 1434 1030 1534 neminem
1051 1435 1156 1534 fugit.
1209 1433 1573 1536 Pmeeipuflqfflqffl
1599 1438 1691 1515 hm
1819 1512 1833 1530 κ

139 1595 144 1602 .
240 1541 548 1639 ‚artis'perseetio
575 1541 614 1617 in
635 1539 719 1615 viilis
745 1537 889 1635 figuris.
905 1561 952 1614 ex
976 1537 1073 1614 antri
1103 1534 1250 1612 maioris
1281 1534 1600 1635 superiori-fronte
1629 1565 1692 1618 ex·

261 1637 360 1728 cifis,
400 1643 565 1738 inprimis
595 1633 794 1719 secundum
813 1640 978 1718 tabulam
1005 1638 1174 1728 otiores,
1208 1638 1314 1714 obvia
1342 1637 1432 1738 esth·
1456 1639 1603 1719 Numen
1632 1642 1702 1718 his.

261 1740 389 1837 figuris
411 1743 546 1822 subesse
567 1743 767 1832 Perseum,
795 1743 834 1818 in
855 1737 1159 1818 antecedentibus
1178 1739 1435 1828 demonstrasse
1459 1743 1607 1842 opinors
1634 1767 1691 1823 ra·

123 1882 134 1902 ·
262 1845 402 1932 tionem
431 1839 538 1932 vero,
571 1867 642 1944 qua
675 1845 764 1921 iliud
798 1841 841 1917 srt
875 1831 1075 1937 prolatum,
1111 1843 1336 1919 Graecorum
1367 1855 1486 1920 artem
1518 1846 1692 1938 innuere,
1743 1867 1748 1874 ·

262 1945 610 2044 primo'tubusarum
642 1941 839 2021 aenearnm
867 1954 1021 2038 aspectu
1046 1941 1153 2019 facile
1176 1941 1240 2019 tibi
1266 1943 1507 2040 persuadebis.
1548 1947 1691 2026 unci·
1777 2027 1799 2040 „
1843 2017 1849 2031 ,

261 2049 308 2126 lis
330 2049 527 2146 figurarum
552 2047 721 2135 habitus,
758 2044 946 2120 fluitantes
969 2039 1106 2132 vestes,
1140 2053 1384 2121 mammarum
1407 2035 1691 2142 protuberantie,

262 2151 482 2248 singularum
505 2152 619 2230 totius
636 2149 797 2246 eorporis
818 2147 973 2246 partium
999 2145 1226 2221 concinnitas
1245 2169 1267 2221 a
1289 2146 1476 2225 Persarum
1493 2161 1573 2227 arte
1591 2174 1693 2250 pror·

262 2253 482 2342 susalienm
519 2250 750 2340 nonnemo,
788 2261 866 2324 toto
896 2247 1027 2322 arsin
1057 2247 1101 2323 iis
1129 2247 1322 2345 conspicua
1350 2249 1553 2327 sententiae
1585 2277 1693 2334 meae
1761 2277 1811 2284 ·’
1900 2245 1902 2251 ’
1969 2255 1974 2278 ‘

263 2355 377 2433 fidem
403 2357 502 2435 facit.
554 2354 675 2442 Quum
707 2363 895 2449 praeterea
927 2345 1106 2443 infignen
1134 2349 1304 2427 observes
1331 2347 1461 2428 barum
1491 2351 1691 2448 figurarum

121 2459 132 2496 ·'
255 2483 349 2548 ‚curn
380 2455 605 2552 Graecorum
628 2452 757 2532 Geniis
774 2450 1080 2537 similitudinem,
1114 2449 1410 2550 persuasrsiimum
1438 2453 1528 2530 mihi
1560 2455 1691 2550 habeo,

237 2559 412 2652 {Persem
449 2557 554 2636 utin
582 2553 709 2658 mustis
739 2553 819 2629 aliis
851 2551 1126 2662 monumentis,
1163 2557 1215 2631 ite·
1247 2565 1286 2629 et
1314 2556 1351 2630 io
1383 2555 1442 2632 his
1474 2554 1692 2664 potiffimum

151 2681 153 2688 ’
265 2661 509 2762 perficiendis,
534 2657 685 2736 Graecis
709 2653 791 2732 usos
809 2653 915 2752 suiffe
935 2652 1145 2730 artificibus.
1196 2660 1274 2736 lem
1291 2655 1468 2750 'facillime
1493 2662 1694 2758 explicatur

249 2766 326 2842 ‘ille
350 2763 479 2842 Persrci
503 2759 663 2836 numinis
687 2779 772 2834 cum
790 2761 933 2835 Graeco
955 2749 1159 2834 censensus.
1200 2755 1380 2836 *Aurfices
1400 2762 1531 2838 Graeci
1560 2759 1695 2842 sciiicet

265 2868 361 2943 bene
387 2865 564 2954 tenebant
594 2859 794 2948 Geniorum
831 2859 1064 2935 sistendorum
1095 2861 1295 2954 tutionems
1335 2857 1417 2938 iam'
1435 2887 1521 2938 vero
1550 2863 1596 2940 iis
1629 2867 1693 2943 de.

264 2969 506 3046 mandabatur
523 2963 685 3040 numinis
709 2959 861 3038 alicuius
883 2960 1184 3059 repraesentatio,
1214 2964 1318 3039 cuius
1342 2980 1511 3042 naturam
1532 2977 1571 3042 et
1591 2969 1692 3058 indo-

249 3069 337 3158 ¹lem
364 3091 478 3168 quum
504 3065 602 3164 haud
626 3064 850 3160 perspectam
881 3063 1080 3147 heberent,
1108 3057 1261 3138 fimiiem
1289 3064 1482 3140 ueroeam
1507 3071 1630 3144 mustis
1655 3073 1695 3147 in
1819 3153 1823 3161 ,

103 3229 106 3241 ,
171 3181 188 3230 -’
263 3173 385 3250 rebus⁴
404 3167 729 3266 deprehenderent
753 3165 977 3238 Graecorum
1000 3163 1159 3249 ¹Geniis,
1188 3164 1234 3237 ad
1261 3161 1390 3240 horum
1422 3164 1693 3250 similitudinem

207 3343 209 3346 ,
247 3275 381 3353 -multa
410 3268 568 3347 exsecuti
601 3265 701 3352 sunt,
736 3263 824 3338 dum
842 3262 951 3336 'alind
986 3262 1255 3356 piene‘numen
1280 3266 1326 3340 ex
1349 3267 1535 3346 Persarum
1559 3270 1704 3349 insitu·

267 3373 370 3472 tione
391 3370 623 3471 effingebant.
678 3367 799 3454 Quum
814 3367 900 3438 vero
920 3361 1033 3438 musta
1053 3357 1257 3452 occurrant,
1279 3381 1355 3442 tarn
1373 3370 1411 3445 iu
1429 3371 1487 3446 his
1502 3369 1583 3469 ipsis
1602 3373 1692 3470 sigo.

269 3599 381 3680 atque.
397 3603 425 3654 a
455 3572 680 3672 mythologie
705 3567 930 3662 Graecorum
955 3567 1103 3663 prorsus
1131 3569 1343 3657 abhorrent,
1373 3595 1541 3672 quaeque
1565 3594 1691 3673 aperte

27 3691 32 3699 .
137 3703 146 3712 .
269 3684 395 3764 persas
426 3681 601 3779 produnt,
632 3687 673 3748 ut
697 3695 729 3747 e.
754 3695 784 3746 c.
808 3668 980 3746 attributa
1008 3663 1224 3770 figurarum,
1256 3672 1432 3764 annulus,
1468 3679 1577 3752 lunae
1606 3679 1692 3773 salx,
1796 3691 1800 3704 “

122 3791 131 3810 ·
170 3813 174 3820 >
260 3786 430 3882 ¹alioqum
456 3772 744 3890 quumqueperi
769 3765 879 3849 modo
905 3795 1099 3873 permagna
1122 3773 1179 3850 iiia
1205 3771 1605 3874 serarum.'psrietibus
1628 3807 1693 3862 an·

23 3685 30 3779 i

23 3822 222 3925 b-

19 3889 307 4644 ἱ,

270 3895 317 3968 tri
343 3886 490 3964 maioris
519 3882 706 3956 incisarum
737 3879 839 3975 copia
862 3873 1066 3952 Or'ientaies
1088 3876 1235 3968 innuat,
1261 3892 1428 3957 naturam
1449 3899 1493 3962 et
1517 3883 1695 3963 verofimi·
1762 3873 1765 3884 ’

270 4097 281 4172 i
310 4093 353 4186 srs
383 4087 631 4166 monumentis
660 4083 769 4158 uideo
797 4083 1019 4158 Graecorum
1046 4081 1134 4158 artis
1165 4095 1203 4159 et
1231 4083 1368 4182 ingenii
1397 4107 1480 4163 cum
1507 4089 1698 4171 Persarum

271 4195 403 4276 indole.
441 4188 586 4267 ‘Graeci
612 4185 746 4261 scilicet
768 4183 946 4272 artifices,
974 4199 1145 4277 utputo,
1171 4187 1217 4262 ed
1236 4184 1420 4265 Persarum
1444 4209 1643 4287 praecepta*
1659 4208 1699 4273 et

1129 4493 1157 4572 S
1378 4531 1388 4586 ι
1542 4501 1754 4600 ignorem

269 3481 332 3567 ris,
355 3499 464 3575 quam
489 3476 524 3546 in
550 3467 696 3564 reliquis
725 3478 1048 3542 monumentorum
1075 3467 1247 3564 partibus,
1280 3491 1374 3564 quae
1397 3497 1515 3571 aeque
1543 3476 1587 3555 ab
1613 3491 1696 3556 arte
1809 3479 1821 3494 ··

271 3993 410 4069 litatem
435 3988 471 4062 in
495 3988 583 4062 artis
602 3977 772 4078 operibus
796 3978 919 4074 procul
943 3978 1140 4056 habentes:
1167 3981 1457 4060 commistionem
1485 4010 1554 4080 ego
1577 3988 1613 4062 in
1637 3989 1695 4066 his
1829 3983 1833 4032 Γ
1923 4057 1928 4068 ,

262 4295 447 4380 surmuias
480 4293 572 4380 haee
588 4299 839 4364 monumenta
864 4285 1024 4362 exsecuti
1046 4287 1145 4381 surus
1181 4281 1295 4384 quare
1319 4291 1362 4367 sit
1385 4304 1445 4380 ut,
1470 4289 1699 4388 significatio·
1839 4349 1844 4360 -

179 4411 182 4416 ’
252 4427 359 4482 uem
394 4396 420 4473 st
460 4393 602 4496 spectes
637 4387 838 4498 effigierum
873 4388 1015 4466 illarum
1049 4388 1314 4502 femmarum,
1358 4383 1563 4476 orientales
1597 4399 1699 4479 haud
