4354 5356
293 515 383 594 Ου’.
400 511 453 587 il.¹
470 503 635 586 Mouuur.
659 521 794 604 quaen.
822 518 992 573 munerun.
1019 486 1331 578 Terin-Mrem
1354 503 1547 580 eruturus
1618 485 1667 594 2'3

243 735 340 813 quae
371 689 594 808 quemquam
627 721 710 780 curn
738 697 925 802 ,Persepoli
955 695 1111 774 conferri
1147 711 1350 798 nequeant,
1383 725 1448 802 per
1477 699 1513 778 se
1542 665 1670 806 tamen
1784 715 1789 726 ·

244 813 353 891 omni
383 809 497 886 lludio
525 805 632 902 digna
657 805 750 880 sunt.

305 985 309 992 ¹
353 943 614 1052 r)'Trecentos
643 951 761 1054 passus
791 949 982 1029 meridiem
1010 947 1133 1026 versus
1163 963 1186 1024 a
1215 947 1479 1028 Hohl-Minor
1517 942 1675 1028 aedificii
1766 1012 1773 1020 .
1834 983 1839 990 ·

246 1061 399 1140 alicuius
421 1058 550 1138 rudera
575 1055 827 1146 inveniuntur,
859 1053 954 1129 inter
977 1075 1071 1151 quoe
1100 1051 1269 1128 columna
1289 1052 1479 1148 conspicua
1503 1051 1553 1130 eu
1577 1059 1674 1130 eius·
1759 1099 1764 1107 ·
1791 1107 1792 1119 ,

247 1165 335 1240 dem
358 1157 510 1237 rationis
531 1177 574 1230 ac
590 1155 894 1254 Persepolitanae.
946 1155 1036 1230 lnde
1058 1151 1106 1227 ad
1124 1153 1419 1248 septentrionem,
1445 1154 1522 1232 leto
1543 1175 1674 1252 campo

89 1323 91 1328 .
245 1275 432 1362 portarurn
461 1254 580 1356 postes
605 1253 831 1358 spectantur,
865 1253 1002 1350 eadem¹
1014 1275 1126 1330 manu
1150 1276 1226 1358 qua
1238 1251 1439 1352 Persepolis
1460 1277 1589 1351 opera,
1614 1279 1676 1332 err·
1791 1324 1808 1332 .,

1 1420 4 1429 .
149 1383 183 1399 ··
247 1361 306 1442 ctu
336 1379 375 1438 et
404 1353 608 1452 constructi.
668 1357 729 1435 Ad
759 1355 896 1442 montis
932 1355 1075 1432 radices
1105 1353 1350 1458 deprehendis
1376 1356 1515 1455 lapides
1547 1354 1673 1432 caesor

245 1479 286 1540 et
314 1459 609 1562 aquaeductuum
638 1460 716 1557 rupi
746 1453 938 1532 incisurum
958 1455 1142 1552 reliquias
1166 1459 1215 1547 a).
1242 1467 1306 1512 -’
1340 1447 1464 1534 Trium
1492 1456 1673 1536 milliario.

244 1587 326 1642 rum
352 1563 502 1660 spatium
529 1559 613 1637 inde
643 1561 688 1634 ab
717 1557 894 1634 hocloco
916 1557 1010 1632 aliae
1033 1556 1269 1632 inueniuntur
1293 1556 1503 1650 columnae,
1539 1559 1672 1638 eadem
1822 1577 1824 1584 ⁴

244 1665 439 1744 altitudine
464 1685 536 1738 non
556 1661 633 1761 pari
649 1683 736 1738 vero
755 1663 834 1736 arte
853 1655 1091 1732 constructae.
1144 1656 1203 1734 Ab
1225 1656 1281 1748 hir
1302 1661 1435 1733 iterum
1458 1658 1551 1734 aliae
1565 1661 1670 1757 quin·

205 1843 207 1848 ,
245 1791 319 1868 que
349 1763 513 1842 milliaria
538 1759 657 1868 abesse
685 1759 917 1847 dicebantur,
955 1779 1048 1858 quas
1071 1779 1170 1836 vero.
1191 1755 1286 1856 ipse,
1315 1759 1374 1836 cui
1400 1759 1674 1840 haecdehetur

247 1865 397 1957 notitia,
427 1863 635 1944 Chardinus
660 1887 736 1940 non
764 1861 856 1940 vidit
876 1858 926 1951 it).
989 1909 993 1926 ·
1502 1889 1508 1905 ·

348 2026 389 2114 a)
414 2019 595 2118 Persepoli
612 2016 751 2096 'relicta'
786 2027 825 2094 et
857 2015 1011 2093 traiecto
1051 2011 1203 2092 flumine
1241 2009 1347 2090 Rud·
1371 2009 1504 2102 Chone·
1520 2008 1671 2121 hirom
1708 2091 1713 2096 ,

85 2119 88 2127 ’
186 2121 189 2130 '
247 2124 379 2212 rudere
398 2121 641 2218 deprehendit
661 2120 840 2200 Morietur
858 2122 910 2210 c),
935 2139 1031 2214 quae
1052 2117 1234 2192 habentur
1252 2113 1432 2192 diversorii
1456 2115 1672 2206 (Keramon-

246 2223 384 2318 serny).
436 2224 615 2318 Lepidum
640 2221 896 2318 moles,‘quae
917 2217 1070 2316 spatium
1097 2229 1252 2314 occupat
1273 2216 1419 2311 triginta
1445 2216 1581 2311 septem
1609 2241 1698 2314 pe·¹

244 2324 337 2398 dum
358 2321 561 2396 latitudinis
580 2323 820 2418 eiusdemque
844 2317 1099 2412 longitudinis,
1124 2319 1405 2394 fundamentum
1430 2315 1551 2393 effecit
1574 2317 1670 2396 aedi·

244 2423 412 2499 ficiorum
433 2422 673 2520 quorundam.
731 2422 815 2497 Duo
843 2423 943 2497 enim
967 2409 1235 2518 conspiciuntur
1260 2419 1364 2494 strata
1391 2418 1550 2518 lapidum
1575 2441 1673 2494 murs
1826 2445 1830 2452 ·

147 2605 150 2612 ⁴
243 2545 475 2609 moreorum,
505 2544 600 2620 quae
621 2529 671 2601 ita
698 2519 762 2598 srtn
788 2519 887 2610 sunt,
915 2529 956 2596 ut
978 2521 1130 2597 inferius
1157 2520 1328 2619 superiori
1354 2518 1425 2598 duo
1452 2520 1530 2596 fere
1556 2522 1673 2618 peden
1793 2542 1797 2553 ’

44 2703 48 2712 ,
170 2643 178 2654 ·
244 2625 482 2722 promineat·
513 2624 671 2722 lapides
692 2624 809 2700 sormn
833 2623 1014 2713 maxima,
1041 2623 1171 2698 decem
1199 2623 1313 2720 pedes
1334 2619 1452 2722 longi,
1479 2621 1675 2719 piusque·

103 2745 109 2750 ’
244 2723 330 2803 thor
354 2723 451 2801 craffi
478 2735 518 2800 et
540 2738 616 2800 tres
640 2725 705 2800 luti
729 2724 830 2812 sunt3
855 2745 987 2798 omnes
1012 2723 1299 2820 anaglyphorum
1326 2723 1456 2799 indicia
1481 2722 1667 2800 exhibent.

242 2828 432 2906 Mororum
461 2847 627 2922 qnoque,
656 2826 720 2922 qui
746 2827 818 2901 hoc
847 2823 1055 2902 aedificium
1081 2821 1165 2900 curn
1193 2825 1273 2899 aliie
1300 2825 1594 2908 coniunxerunt,
1609 2847 1671 2898 ru«

242 2929 331 3002 dero
354 2928 416 3000 hic
441 2924 566 3018 ibique
590 2924 807 3019 spectantur.
859 2927 1016 3001 Interior
1039 2923 1196 2998 aedilicii
1219 2947 1314 3020 pars,
1343 2927 1468 3001 multis
1490 2926 1709 3022 fragmen-f,
1753 2951 1758 2958 ·
1870 2981 1874 2986 -

243 3029 291 3106 tis
312 3023 526 3103 marmoreis
547 3023 699 3120 repleto,
723 3021 860 3097 canalis
884 3021 1032 3120 vestigia
1055 3022 1249 3124 spectanda
1271 3021 1389 3100 offert.
1771 3054 1776 3062 ·

342 3221 528 3305 Concilius
549 3213 790 3310 haecomnia
812 3221 894 3299 sunt
915 3220 1054 3321 prolata
1078 3243 1099 3297 o
1121 3221 1467 3322 peregrinaturibur,
1492 3187 1603 3325 quam
1626 3238 1671 3304 ut

201 3335 204 3338 ’
242 3331 291 3408 de
317 3331 488 3405 ruderum
512 3323 659 3402 consulio
687 3323 886 3422 iamaepoffit
908 3321 1070 3421 disquiri.
1123 3323 1261 3400 Similis
1283 3325 1547 3405 architecturae
1576 3329 1669 3405 rrtio
1725 3325 1727 3338 '

191 3461 197 3478 ·
241 3455 325 3613 {nrm
340 3427 621 3610 omilim
640 3423 729 3504 satis
751 3425 899 3524 probat,
928 3424 1289 3505 Achaemenidarum
1323 3433 1480 3529 tempori
1512 3446 1551 3509 et
1575 3429 1669 3510 haec

162 3757 165 3766 ,
343 3686 387 3778 a)
414 3679 593 3759 Rudera
620 3696 736 3776 quac
772 3688 999 3756 vocantur
1039 3673 1170 3754 urbis
1207 3669 1394 3754 lstahar.
1456 3677 1668 3760 Milliuriuru

40 3838 44 3847 -
240 3807 355 3864 unum
379 3807 464 3864 cum
488 3779 641 3858 dimidio
673 3775 1001 3858 esschildllinar»
1022 3781 1089 3874 (ita
1123 3794 1165 3856 ut
1195 3779 1351 3877 primum
1379 3777 1427 3856 nd
1454 3780 1666 3879 septentrio·

1 3922 2 3929 Ν
74 3941 93 3988 ¹.
221 3899 351 3974 nem,
368 3884 503 3963 deinde
525 3905 610 3959 uero
635 3881 814 3958 orientem
839 3882 964 3969 persus
979 3880 1193 3971 deflectas),
1216 3881 1315 3957 haud
1342 3879 1512 3979 procusa
1536 3907 1664 3962 monu-

121 4067 127 4078 ,
239 3989 375 4068 mentis
395 3985 610 4063 Rustrmicie
640 3983 769 4060 rudere
802 3982 1057 4078 inueniuntur,
1118 4005 1186 4060 uae
1214 3977 1328 4080 'uulgo
1359 3995 1532 4082 putantur
1562 3985 1684 4065 urbie-

205 4091 381 4179 'lstahau
432 4089 536 4166 Duae
559 4085 753 4174 columnae
778 4083 1058 4184 Persepolitanis
1083 4006 1283 4163 simillimae
1308 4099 1432 4164 rectae
1453 4087 1573 4166 adhuc
1598 4087 1661 4166 suo
1713 4145 1715 4150 ,
1829 4167 1830 4172 a

236 4195 319 4276 lucu
348 4191 461 4283 stante
492 4187 631 4268 multae
660 4187 755 4266 chae
782 4187 959 4290 collapsae
991 4189 1193 4268 etsractue
1219 4187 1280 4266 hic
1310 4187 1383 4267 illic
1412 4187 1663 4373 obuiaeMsunt.
1709 4201 1715 4208 “
1788 4185 1795 4200 ’

1298 4325 1305 4340 ·
1533 4335 1537 4344 ·
1587 4315 1664 4372 uro·

215 4413 222 4420 ¹
274 4448 307 4523 c)
326 4387 545 4511 urerentur.
566 4449 692 4520 pm„
725 4435 911 4509 Crudum.
930 4433 1155 4516 thiepert-
1267 4417 1292 4450 ⁸

170 4601 174 4614 ,
274 4543 627 4640 uehemente·
812 4560 868 4596 ·.
988 4543 1165 4628 &2135
1281 4581 1321 4634 ·.
1449 4623 1454 4633 ¹
