4354 5356
471 448 521 506 ιο
558 427 666 514 ,Pano
695 433 737 508 Δ.
762 430 921 538 Pereme
948 439 1102 502 neniae
1130 451 1432 504 occroenrnres.
1464 433 1610 524 secero
1632 431 1659 506 l.
1686 436 1827 510 Peneis.

404 653 411 662 ·
473 625 617 726 depicta
648 625 727 704 est,
768 624 1022 728 Inscriptiones
1053 653 1161 728 quarn
1196 628 1374 728 plurimae
1406 628 1824 729 depingendae'rellant
1849 633 1923 725 ritt

473 731 689 829 exquibus,
714 744 882 808 accurate
904 733 1128 829 ,depictis’et
1153 733 1248 806 inter
1274 732 1309 807 se
1332 733 1487 834 collatis,
1524 755 1637 828 quum
1665 737 1779 812 multa
1806 733 1906 808 haud
1965 770 1995 828 .‘

474 833 586 910 dubie
607 835 683 929 peti
714 829 858 926 poffint,
893 835 1003 929 digna
1027 834 1192 934 inprimis
1220 831 1274 916 est
1307 833 1399 908 haec
1429 835 1660 910 monumenti
1696 861 1776 932 pars
1806 845 1907 930 per'e-

369 947 372 972 ²
426 983 436 1016 ,ι
475 937 657 1032 grinantis
678 933 793 1037 sutori
818 936 1018 1036 diligentia.
1071 936 1257 1012 Certioree
1282 937 1368 1010 facti
1395 933 1518 1011 sumus
1542 933 1776 1014 solummodo*
1790 937 1837 1010 de
1862 935 1908 1009 iin
1983 1023 1988 1030 Ι

479 1035 744 1136 architeqturae
767 1039 955 1132 operibus,
982 1058 1075 1135 quae
1090 1037 1200 1138 supro
1221 1051 1311 1113 terro
1332 1043 1587 1113 inveniunturr
1614 1061 1724 1112 nemo
1746 1057 1908 1135 unquam

479 1137 518 1216 in
544 1137 883 1235 lucemprotraxit,
917 1163 1011 1238 quae
1041 1141 1098 1214 vel
1123 1154 1218 1214 terra
1252 1139 1399 1225 obruta,
1433 1139 1492 1214 vel
1519 1135 1591 1234 ipsa
1620 1155 1699 1215 erte
1722 1139 1936 1240 subterra,
1978 1177 2009 1185 κ

373 1334 375 1344 ,
476 1240 623 1318 condita
649 1239 739 1315 sunt
795 1241 910 1318 Multa
933 1237 1012 1318 eius
1027 1241 1175 1336 generis
1197 1240 1338 1330 restare,
1364 1254 1402 1316 et
1421 1240 1513 1316 ratio
1540 1239 1650 1316 fidem
1676 1241 1909 1337 facit,·quod
1973 1271 1990 1327 ς
2125 1277 2133 1288 ·

477 1341 619 1438 semper
644 1342 721 1417 sere
748 1341 833 1435 talia
859 1343 1026 1420 aedificia
1049 1340 1110 1419 sua
1133 1357 1279 1440 quoque
1300 1340 1491 1421 habebant
1513 1341 1762 1429 subterranea,
1788 1355 1826 1417 et
1849 1365 1909 1438 pe-

477 1445 721 1544 regrinatores
744 1449 812 1518 nos
836 1445 993 1521 edocent
1014 1448 1061 1534 r).
1121 1446 1228 1530 Multi
1259 1445 1393 1522 restant
1419 1445 1594 1532 cuniculi,
1639 1451 1718 1546 qui,
1746 1459 1787 1520 ut
1812 1442 1910 1520 vide-

476 1561 555 1646 tur,
591 1547 790 1622 cohaerent
813 1569 895 1622 curn
921 1547 991 1624 illis
1018 1546 1187 1642 sepulcris
1209 1549 1324 1624 monti
1346 1545 1487 1634 incise,
1515 1570 1625 1622 nemo
1654 1549 1814 1644 penitius
1843 1567 1909 1619 eos

476 1646 715 1742 investigavit.
767 1651 821 1726 Ita
849 1671 918 1721 nec
940 1650 1173 1722 cohaerentia
1204 1647 1422 1750 singularum
1451 1648 1606 1722 aedificii
1631 1657 1786 1745 partlum
1811 1648 1911 1722 inda·

476 1761 560 1843 gata
585 1747 654 1835 est,
690 1769 785 1844 quae
810 1745 835 1820 sl
863 1749 1107 1835 inveniretur,
1134 1751 1294 1828 multum
1320 1751 1460 1826 faceret
1483 1751 1530 1823 ad
1559 1749 1744 1844 confilium
1775 1749 1913 1828 certius
1940 1797 1972 1817 .·

477 1847 755 1938 deliniendum,
792 1849 838 1924 ad
877 1853 975 1947 quod
1010 1850 1172 1926 inmensa
1191 1853 1292 1932 haec
1315 1864 1555 1928 monumenta
1584 1852 1785 1929 constructa
1816 1851 1909 1929 sont.

479 1949 827 2048 Optandumigitur
857 1953 928 2042 est,
962 1965 1004 2028 nt
1027 1953 1325 2050 peregrinatores
1340 1951 1454 2030 suturi
1483 1953 1529 2027 ad
1556 1977 1597 2028 ea
1621 1955 1791 2050 inprimis·
1810 1959 1913 2026 men·

480 2064 557 2128 tem
586 2055 799 2139 advertant,
826 2076 920 2149 quae
950 2058 1023 2132 iam
1047 2055 1172 2146 minus
1196 2062 1342 2149 cognita
1372 2057 1444 2130 illic
1471 2053 1579 2130 'nobis
1599 2057 1751 2133 reliant.
1803 2056 1913 2131 Tem·

478 2156 592 2253 poris·
607 2153 781 2262 anguillis
813 2151 992 2246 solnmmo
1014 2182 1041 2252 o
1068 2151 1294 2233 excolandus
1318 2156 1368 2232 est
1390 2155 1597 2245 Kinneirus,
1620 2161 1718 2254 quod
1741 2180 1810 2237 una
1836 2169 1913 2231 tan·
1940 2183 1946 2195 ¹

454 2271 560 2355 ⁴'rum
594 2257 727 2353 pagina
760 2159 1152 2454 PersepolinQolvit
1174 2265 1222 2351 t).
1283 2262 1401 2344 Quam
1436 2263 1596 2332 maxime
1623 2262 1820 2346 dolendum
1848 2255 1915 2342 est,
1961 2265 1972 2284 ’

480 2357 682 2436 Morierum
710 2360 749 2449 rr)
779 2381 852 2435 non
888 2367 1005 2457 primo
1062 2360 1215 2453 ropoflto
1248 2359 1397 2443 stetille,
1435 2357 1659 2434 describendi
1694 2359 1826 2436 scilieet
1855 2382 1912 2443 ea,

480 2483 577 2557 quae
613 2485 634 2536 a
665 2461 995 2559 peregrinatoribus
1027 2463 1217 2558 hucusque
1247 2459 1364 2536 essent
1392 2457 1537 2546 omissa,
1575 2471 1614 2533 et
1640 2460 1841 2546 indicandi,
1873 2464 1913 2532 in

402 2611 404 2618 ‹
443 2610 446 2619 -
480 2563 614 2657 quibus
640 2562 926 2659 discrepantium
958 2564 1168 2661 scriptorum
1206 2561 1367 2659 partibus
1391 2561 1555 2638 standum
1580 2562 1678 2642 ellet.
1738 2555 1913 2640 Generosi

407 2721 430 2753 ,.
481 2663 580 2840 ergm
622 2663 702 2738 eius
742 2663 983 2767 descriptione
1028 2665 1118 2742 nihil
1164 2665 1369 2760 lucramur3
1415 2660 1590 2742 notiffima
1629 2667 1764 2744 iterum
1806 2663 1912 2740 nobis

402 2825 407 2837 .
484 2777 742 2844 petuntur,
1333 2819 1334 2822 κ

755 3051 757 3056 ,
864 2953 872 2960 ’
1000 2969 1076 3044 w,
1129 2927 1395 3068 inserpere.
1889 3029 1895 3040 .
1964 3063 1978 3072 ,

584 3092 803 3172 Aedilicium
833 3115 879 3168 ex
915 3093 1022 3184 nigro
1048 3109 1248 3177 marmore,
1283 3094 1380 3189 quod
1411 3089 1553 3168 vicinus
1576 3111 1686 3168 mons
1714 3088 1912 3188 suppedita-

415 3281 418 3289 Δ
473 3197 561 3296 ¹bat,
596 3221 637 3273 ea
672 3212 750 3272 arte
784 3193 1031 3296 conliructum¹
1058 3193 1128 3278 esi,
1164 3207 1206 3270 ut
1231 3194 1358 3269 multisx
1385 3196 1545 3292 partibus
1571 3195 1633 3270 vix
1664 3195 1793 3270 rimam
1827 3215 1911 3287 cog.-

417 3343 427 3358 ,
482 3321 616 3374 noscas
643 3299 739 3375 inter
769 3301 941 3393 ingentes
969 3293 1050 3369 illas'
1079 3293 1199 3372 moles
1233 3294 1478 3378 marmoreas,
1512 3294 1585 3372 fine
1618 3296 1691 3371 ullo
1717 3299 1914 3372 caemento·

485 3399 640 3476 iunc'tas.
692 3401 824 3478 'sotum
850 3419 959 3492 opus,
994 3397 1099 3476 euius
1124 3398 1300 3494 quadrata
1331 3397 1409 3473 serie
1436 3397 1487 3473 est
1513 3397 1650 3487 forma,
1685 3396 1913 3494 amuffi·qui·
2045 3449 2049 3462 .
2099 3429 2104 3440 ·

386 3493 394 3527 ¹
486 3501 573 3576 dem
589 3503 672 3577 ‘non
705 3502 845 3597 semper
865 3499 1027 3587 servata,
1061 3521 1200 3575 murus·
1220 3523 1266 3573 ex
1292 3501 1393 3586 omni
1416 3502 1587 3596 regione,
1621 3515 1774 3596 excepto
1798 3501 1937 3594 latere·
1965 3571 1984 3584 ,,

362 3663 372 3674 .
484 3601 670 3692 orientali,
697 3602 917 3687 circumdat,
944 3599 1006 3699 qui
1032 3623 1051 3675 a
1076 3601 1320 3700 septentrione
1343 3603 1389 3678 ad
1413 3603 1603 3678 meridiem
1629 3603 1837 3688 sexcentos,
1865 3598 1911 3672 ab
1987 3685 1990 3692 ,

404 3753 408 3759 -
483 3705 677 3783 occidente
706 3731 792 3781 vero
824 3704 1099 3787 adorientem,
1130 3727 1201 3800 qua
1237 3723 1350 3778 mons
1375 3725 1480 3778 muro
1503 3701 1615 3776 finem
1636 3703 1795 3797 inponit,
1827 3723 1916 3797 quau

483 3805 697 3925 dringontos
724 3805 878 3886 circiter.
893 3803 1012 3897 passus
1039 3818 1181 3903 aequat.
1236 3803 1365 3880 Totius
1391 3813 1513 3900 operis
1536 3807 1573 3879 in
1598 3804 1751 3880 formam
1776 3803 1920 3878 theatri
2028 3864 2030 3872 .

348 3965 352 3976 .
482 3907 605 3984 lirnctr
626 3921 701 3982 tres
728 3909 878 3982 omnino
902 3904 1145 3999 summitas,
1173 3929 1325 4001 quarum
1349 3907 1590 3984 alteraaltera
1612 3905 1831 3982 eminentior
1848 3905 1909 3986 est.
2007 3923 2017 3930 '

481 3995 627 4107 Duplex
653 4007 741 4084 scala
770 4008 819 4082 ita
845 4023 1083 4104 comparata,
1110 4013 1151 4084 ut
1181 4009 1310 4085 decern
1344 4015 1505 4105 equites,
1531 4033 1605 4084 uno
1632 4008 1728 4084 inxta
1755 4009 1909 4085 alterum
1944 4075 1951 4092 ,

480 4111 620 4200 locato,
646 4109 720 4189 sine
748 4108 910 4186 molestia
941 4107 1137 4187 ascendere
1168 4132 1266 4247 eam!
1284 4108 1429 4211 polsrnt,
1458 4112 1605 4188 aditum
1630 4109 1676 4190 ad
1703 4109 1910 4288 inseriappgffi

871 4249 875 4255 =
963 4256 968 4268 y
1313 4239 1321 4258 Ι
1692 4279 1701 4300 ο
1770 4237 1792 4312 p

521 4409 557 4490 r)
578 4374 742 4475 niseum
765 4415 803 4478 11:
826 4431 856 4496 p.
876 4414 944 4488 156.
1053 4447 1055 4450 ·
1226 4411 1449 4508 ricrrnnnrn
1471 4409 1691 4498 vulpam.

522 4517 676 4603 unu·
1101 4529 1127 4628 '.‘
1193 4513 1311 4634 'rin
1345 4513 1415 4594 '¹20-

544 4623 548 4633 ι
