4354 5356
406 465 411 476 ·
546 510 554 520 .
639 469 748 553 ,Can
770 451 834 540 111(
862 413 1259 572 litassent-liuentia.
1549 428 1559 449 *V
1625 413 1697 567 47Ι
1844 543 1860 565 .

246 673 351 750 ittete
380 688 469 747 vero
497 667 695 744 cohaerere
723 663 820 741 hanc
847 661 1005 758 effigiem
1034 683 1117 738 eum
1139 685 1200 750 ea,
1227 683 1342 758 quam
1364 659 1444 736 ioco
1468 658 1672 760 primariae
1718 730 1721 736 ,
1782 675 1786 686 ·

248 770 469 868 scripsimus:
503 769 601 843 iilam
634 765 731 840 enim
769 786 895 860 regem
924 755 1042 840 sistere
1069 765 1118 839 de
1150 786 1285 838 corona
1323 773 1557 851 certanteme
1576 765 1672 842 hanc

80 937 90 948 .
247 874 338 950 ¹u'ero
370 871 525 952 alterurn
559 875 733 943 victorem
770 867 926 941 alterum
955 863 1141 940 devictum
1170 879 1209 940 et
1240 865 1435 960 supplicem
1467 865 1672 960 reprreseni
1717 901 1719 906 ·

248 987 340 1050 tare.
399 971 483 1048 Cui·
498 989 581 1043 vero
598 1025 602 1032 .
618 965 819 1044 sententiae
847 981 1026 1064 repugnat
1058 966 1215 1065 primum
1252 963 1531 1041 verosrmiiitatia
1551 968 1671 1060 ,ratior

249 1075 312 1149 vix
340 1073 437 1148 euim
461 1068 643 1164 probabile
672 1067 740 1157 est,
771 1067 886 1142 solum
915 1069 1157 1144 Artaxerxem
1186 1067 1336 1142 honoris
1366 1065 1552 1144 stimulum
1577 1067 1671 1146 insti·
1784 1078 1790 1090 '

189 1199 197 1208 ·
250 1171 366 1270 galia*⁹
397 1183 439 1245 ut
464 1168 514 1244 sui
543 1172 758 1250 memoriam
789 1168 1011 1268 relinqueret
1036 1168 1107 1244 hac
1137 1169 1306 1263 regione,
1345 1189 1440 1262 quae
1466 1168 1697 1266 antiquius.

249 1270 425 1348 memoria
464 1283 631 1346 veterum
669 1269 848 1347 inclaruit.
911 1269 1057 1346 Doceat
1086 1291 1175 1345 vero
1205 1285 1445 1346 monumenta
1474 1266 1565 1362 ipsa,
1594 1291 1671 1348 non

249 1394 363 1448 anum
390 1371 499 1446 modo
524 1369 787 1448 Saisanidarum
809 1369 984 1453 hocloco
1005 1368 1211 1446 aeternitati
1234 1368 1270 1445 se
1290 1367 1437 1450 dedisse.
1488 1369 1570 1446 Non
1590 1383 1671 1446 tans

249 1485 326 1547 turn
357 1485 648 1546 monumentum·
670 1467 837 1569 Nariscirr‘
853 1468 1042 1568 --Rodjab‚
1076 1473 1138 1545 vix
1164 1470 1270 1546 unius
1297 1469 1411 1546 horae
1435 1469 1627 1546 intervallo
1648 1497 1673 1548 a

245 1571 379 1646 nostris
403 1571 619 1668 anaglyphis
641 1571 797 1653 distans,
820 1582 861 1644 ut
884 1593 947 1666 per
968 1570 1219 1668 inscriptiones
1242 1569 1398 1656 constat,
1423 1573 1469 1645 ad
1492 1571 1673 1667 Saporem

246 1673 273 1750 1.
301 1671 567 1750 Saiianidurnm
590 1672 766 1755 alterum,
794 1671 971 1764 pertinet:
1003 1669 1067 1746 sed
1098 1671 1170 1746 hoc
1200 1669 1274 1765 ipso
1302 1671 1383 1745 ioco
1404 1668 1589 1749 inuenitur
1619 1671 1673 1748 in·

208 1768 211 1781 '
248 1771 414 1867 scriptio,
442 1795 536 1872 quae
559 1775 605 1848 ad
627 1772 884 1855 itomanam,
910 1785 951 1847 ut
973 1772 1135 1859 ridetur,
1158 1771 1349 1848 referenda
1376 1770 1437 1847 eii.
1491 1773 1548 1848 De
1564 1769 1674 1864 Sreyi
1796 1857 1800 1864 ,

229 1872 475 1965 ··sententiae,
498 1876 596 1972 qnod
618 1871 825 1974 anaglypho
850 1871 966 1969 primo
989 1895 1072 1948 eum
1097 1885 1227 1970 quarto
1247 1871 1674 1950 arctiffima'coniunctio
1718 1929 1722 1934 -

247 1970 472 2065 intercedat,
513 1985 695 2068 repugnat
725 1971 926 2064 effigierum
958 1974 994 2048 in
1023 1985 1180 2070 utroque
1212 1986 1453 2050 monumento
1485 1973 1676 2052 obviorum

249 2071 446 2151 direrfitas
497 2075 574 2152 Illic
595 2074 692 2150 enirn
713 2053 1182 2190 Saffunidaespobuiiinnm
1208 2074 1246 2148 in
1265 2075 1336 2150 hoc
1357 2097 1445 2150 vero
1464 2074 1674 2172 anaglypho
1776 2067 1784 2084 “
1861 2077 1864 2086 “

112 2249 119 2264 ,
250 2195 366 2270 eques
388 2174 535 2271 quidem
558 2199 685 2268 regem
707 2171 790 2252 istit
810 2199 832 2248 e
857 2173 962 2269 stirpe
985 2173 1438 2276 Saffanrdarumtsuppirr'r
1461 2189 1586 2252 entem
1614 2197 1674 2252 ve·

248 2273 338 2348 iiitu
373 2289 412 2350 et
444 2273 574 2352 habitu
600 2279 767 2352 Romano
794 2273 997 2349 srmillimns
1028 2275 1089 2352 est.
1115 2341 1119 2348 .
1150 2275 1264 2352 Vestis
1300 2275 1360 2350 vix
1394 2299 1495 2350 crura
1529 2289 1675 2370 tegens,

253 2374 363 2451 mitra
392 2376 549 2452 rotunda
587 2391 627 2453 et
661 2373 824 2472 depreise
851 2375 1009 2466 militem
1033 2377 1241 2462 Romanum
1268 2376 1329 2452 rix
1359 2374 1675 2476 ignorarisrnunt.
1705 2429 1709 2440 ·

119 2529 121 2538 ι
248 2475 394 2560 Quibus
424 2477 596 2552 omnibus
624 2477 784 2561 accedit,
818 2498 912 2576 quae
934 2475 1050 2552 obstat
1071 2477 1232 2575 opinioni
1255 2477 1312 2551 De
1339 2477 1449 2572 Sucyi
1472 2465 1577 2554 causa
1592 2500 1684 2576 gru·⁴
1726 2531 1759 2568 -,

251 2573 405 2656 utrumn:
442 2577 593 2654 teiiatur
623 2579 821 2664 Muniam,
854 2575 1080 2654 srmiiiirnum.
1109 2578 1216 2674 plane
1246 2577 1318 2653 eise
1349 2577 1512 2654 nostrum
1546 2600 1677 2656 monu-
1801 2615 1805 2624 ¹

249 2693 418 2758 mentum
439 2677 647 2775 anaglypho
665 2679 810 2754 cuidam
828 2681 931 2754 inter.
943 2680 1075 2754 rudera
1093 2677 1191 2755 urbis
1212 2677 1380 2777 Schapur
1399 2679 1517 2756 obvio.
1571 2681 1676 2766 Quae

216 2779 442 2856 ‚contendit
468 2775 853 2876 viraccuratiffimns,
884 2777 1079 2856 confirmat
1113 2778 1316 2858 tabularum
1345 2801 1542 2856 arenearum
1573 2803 1675 2862 con·

98 2955 104 2962 ,
250 2877 411 2975 paratioa
449 2879 587 2954 clarum
616 2881 703 2956 inde
727 2881 820 2954 mihi
852 2879 924 2954 eise
951 2879 1113 2965 videtur,
1152 2881 1297 2976 utrique
1320 2879 1452 2974 effigiei
1481 2881 1580 2958 idem
1603 2881 1680 2958 sub-

252 2977 325 3054 effe
349 2991 615 3070 argumentum.
667 2981 947 3054 Monumentum
971 3003 1058 3052 vero
1079 2978 1423 3072 Schapurimumir
1443 2993 1544 3070 recte
1565 3006 1587 3058 a
1610 3004 1677 3056 no·
1768 2987 1773 2998 '

250 3077 308 3153 bis
333 3078 550 3174 explicatum
573 3077 640 3163 est,
663 3092 703 3153 et
717 3077 798 3174 'hoc'
815 3078 1065 3175 anaglyphum
1084 3077 1213 3170 Sapori
1237 3082 1262 3154 i.
1289 3078 1373 3173 (qui
1394 3081 1562 3173 regnauit
1586 3080 1676 3159 inde

251 3179 298 3254 ab
318 3201 352 3256 a.
375 3202 409 3276 p.
430 3176 515 3256 Chr.
534 3165 668 3284 affigo
687 3179 865 3275 usquead
888 3180 991 3268 πο.)
1010 3177 1206 3254 necessario
1225 3177 1276 3252 eii
1297 3179 1541 3259 tribuendum.
1577 3181 1676 3264 cnm
1730 3195 1733 3202 '

173 3345 183 3360 .
251 3279 376 3374 itaque
397 3279 567 3358 hocloco
586 3279 754 3376 repetitio
780 3287 922 3354 tanturn
951 3277 994 3354 fit
1019 3279 1183 3355 eiusdem
1207 3279 1435 3374 argumenti,
1460 3279 1683 3382 ablegamus

12 3479 19 3488 ι
163 3423 168 3432 ·
253 3379 428 3458 lentorem
452 3383 499 3456 ad
530 3380 659 3457 rudera
684 3379 783 3458 urbia
809 3379 996 3479 Schapur,
1032 3379 1093 3456 ubi
1115 3383 1322 3459 accuratius
1343 3381 1391 3458 de
1416 3389 1573 3480 utroque
1598 3403 1677 3460 mo-

133 3507 152 3590 j
253 3491 432 3558 numento
457 3493 606 3578 agetur..

193 3709 223 3762 Α
349 3713 390 3777 ,ς.
417 3687 636 3786 Anagiypbo
668 3629 906 3788 toco'nutnto
935 3713 956 3765 a
984 3687 1091 3766 nobis
1124 3687 1302 3784 descripto
1341 3623 1533 3782 repetitam
1566 3655 1683 3774 hebes

229 3787 488 3892 ¹symbolicam
515 3790 612 3866 iiiam
644 3789 799 3868 duorum
831 3793 879 3866 de
911 3791 1047 3868 annulo
1085 3794 1303 3868 certantium
1339 3789 1516 3886 effigiem,
1556 3790 1682 3866 moitis

253 3903 380 3967 tamen
408 3890 568 3988 partibus
591 3891 652 3989 hic
676 3896 913 3973 inmutatamr
939 3906 1146 3990 pugnanter
1171 3893 1308 3970 scilicet
1333 3893 1474 3988 pedites
1504 3892 1604 3979 sunt,
1629 3905 1694 3978 en·

1 4025 2 4048 r
98 4011 101 4018 ·
138 4055 146 4064 .
253 3991 542 4090 qnod-maxime
570 3990 949 4080 immemorabile,
981 3991 1134 4069 fieerto
1163 3993 1280 4090 poiies
1306 3996 1412 4070 inniti
1437 3994 1681 4092 peregrinato-

254 4113 338 4186 rum
357 4093 583 4181 testimonio,
619 4093 815 4196 figurarum
841 4095 953 4172 aitera
979 4095 1168 4172 foeminae
1189 4095 1301 4172 habet
1326 4093 1491 4191 speciem.
1551 4095 1608 4170 De
1635 4101 1682 4170 ἐι

255 4193 365 4294 paulo
396 4201 597 4272 accuratius
625 4217 787 4290 agamus.
852 4200 893 4274 ln
928 4195 1089 4292 pluribus
1125 4194 1549 4274 monumentrsuerficrs
1580 4205 1682 4291 pere·-
1776 4281 1778 4291 y

260 4297 465 4388 grinatores
498 4299 633 4394 priores
669 4298 887 4376 feminarum
924 4297 1107 4394 imagines
1144 4297 1311 4396 reperisse
1349 4295 1410 4374 fibi
1451 4294 1680 4374 videbantur.

257 4397 422 4480 Simulao
451 4421 540 4476 uero
572 4400 704 4480 eedem
737 4413 978 4484 monumenta
1008 4402 1229 4480 eoenratiori
1259 4399 1419 4494 examini
1448 4397 1681 4478 subiicieban-

1334 4523 1365 4580 ἢ·
1419 4551 1422 4558 ’
1503 4531 1506 4536 ’
1608 4512 1680 4587 tuf.
