<?xml version="1.0" encoding="UTF-8"?>
<!DOCTYPE html PUBLIC "-//W3C//DTD XHTML 1.0 Transitional//EN"
    "http://www.w3.org/TR/xhtml1/DTD/xhtml1-transitional.dtd">
<html xmlns="http://www.w3.org/1999/xhtml" xml:lang="en" lang="en">
 <head>
  <title>
</title>
<meta http-equiv="Content-Type" content="text/html;charset=utf-8" />
  <meta name='ocr-system' content='tesseract 3.04.00' />
  <meta name='ocr-capabilities' content='ocr_page ocr_carea ocr_par ocr_line ocrx_word'/>
</head>
<body>
  <div class='ocr_page' id='page_1' title='image "./veterismediaeet00hoecgoog_0035.png"; bbox 0 0 4354 5356; ppageno 0'>
   <div class='ocr_carea' id='block_1_1' title="bbox 554 417 1712 521">
    <p class='ocr_par' dir='ltr' id='par_1_1' title="bbox 554 417 1712 521">
     <span class='ocr_line' id='line_1_1' title="bbox 554 417 1712 521; baseline 0.004 -25"><span class='ocrx_word' id='word_1_1' title='bbox 554 427 645 500; x_wconf 75' lang='lat' dir='ltr'><strong>Car.</strong></span> <span class='ocrx_word' id='word_1_2' title='bbox 667 426 692 500; x_wconf 86' lang='lat' dir='ltr'><strong>l.</strong></span> <span class='ocrx_word' id='word_1_3' title='bbox 709 422 945 511; x_wconf 68' lang='lat' dir='ltr'><strong>saareeonrt</strong></span> <span class='ocrx_word' id='word_1_4' title='bbox 970 438 1098 495; x_wconf 81' lang='lat' dir='ltr'><strong>aureo</strong></span> <span class='ocrx_word' id='word_1_5' title='bbox 1126 417 1455 514; x_wconf 68' lang='lat' dir='ltr'><strong>Troum-Mrem.</strong></span> <span class='ocrx_word' id='word_1_6' title='bbox 1495 503 1519 521; x_wconf 29' lang='grc' dir='ltr'><strong>Ι,</strong></span> <span class='ocrx_word' id='word_1_7' title='bbox 1663 448 1712 503; x_wconf 79' lang='lat' dir='ltr'><strong>rr</strong></span> 
     </span>
    </p>
   </div>
   <div class='ocr_carea' id='block_1_2' title="bbox 284 569 1864 796">
    <p class='ocr_par' dir='ltr' id='par_1_2' title="bbox 284 569 1864 796">
     <span class='ocr_line' id='line_1_2' title="bbox 284 569 1864 796; baseline -0.008 -82"><span class='ocrx_word' id='word_1_8' title='bbox 284 642 426 734; x_wconf 83' lang='lat' dir='ltr'><strong>perlem</strong></span> <span class='ocrx_word' id='word_1_9' title='bbox 459 625 628 730; x_wconf 78' lang='lat' dir='ltr'>praebet,</span> <span class='ocrx_word' id='word_1_10' title='bbox 668 637 746 720; x_wconf 60' lang='lat' dir='ltr'><strong>qua*</strong></span> <span class='ocrx_word' id='word_1_11' title='bbox 771 569 928 796; x_wconf 61' lang='lat' dir='ltr'><strong>primum</strong></span> <span class='ocrx_word' id='word_1_12' title='bbox 960 619 1078 702; x_wconf 81' lang='lat' dir='ltr'><strong>oeulis</strong></span> <span class='ocrx_word' id='word_1_13' title='bbox 1110 570 1330 698; x_wconf 79' lang='lat' dir='ltr'><strong>obiiciantur</strong></span> <span class='ocrx_word' id='word_1_14' title='bbox 1351 620 1439 698; x_wconf 75' lang='lat' dir='ltr'><strong>dun</strong></span> <span class='ocrx_word' id='word_1_15' title='bbox 1467 581 1643 718; x_wconf 75' lang='lat' dir='ltr'><strong>plnetea,</strong></span> <span class='ocrx_word' id='word_1_16' title='bbox 1677 605 1717 706; x_wconf 82' lang='lat' dir='ltr'><strong>lu</strong></span> <span class='ocrx_word' id='word_1_17' title='bbox 1791 671 1793 677; x_wconf 35' lang='lat' dir='ltr'><em>s</em></span> <span class='ocrx_word' id='word_1_18' title='bbox 1855 716 1864 736; x_wconf 87' lang='lat'><strong>.</strong></span> 
     </span>
    </p>
   </div>
   <div class='ocr_carea' id='block_1_3' title="bbox 284 719 1717 834">
    <p class='ocr_par' dir='ltr' id='par_1_3' title="bbox 284 719 1717 834">
     <span class='ocr_line' id='line_1_3' title="bbox 284 719 1717 834; baseline -0.006 -22"><span class='ocrx_word' id='word_1_19' title='bbox 284 758 439 834; x_wconf 90' lang='lat' dir='ltr'><strong>quorum</strong></span> <span class='ocrx_word' id='word_1_20' title='bbox 467 745 623 832; x_wconf 84' lang='lat' dir='ltr'><strong>utroque</strong></span> <span class='ocrx_word' id='word_1_21' title='bbox 655 725 821 821; x_wconf 78' lang='lat' dir='ltr'><strong>aalmajs</strong></span> <span class='ocrx_word' id='word_1_22' title='bbox 849 723 1040 802; x_wconf 86' lang='lat' dir='ltr'><strong>cuiusdam</strong></span> <span class='ocrx_word' id='word_1_23' title='bbox 1075 719 1223 798; x_wconf 78' lang='lat' dir='ltr'><strong>fabulosi</strong></span> <span class='ocrx_word' id='word_1_24' title='bbox 1258 721 1372 822; x_wconf 87' lang='lat' dir='ltr'><strong>ligura</strong></span> <span class='ocrx_word' id='word_1_25' title='bbox 1405 723 1566 804; x_wconf 90' lang='lat' dir='ltr'><strong>colollica</strong></span> <span class='ocrx_word' id='word_1_26' title='bbox 1598 723 1717 806; x_wconf 76' lang='lat' dir='ltr'><strong>excisa</strong></span> 
     </span>
    </p>
   </div>
   <div class='ocr_carea' id='block_1_4' title="bbox 156 823 1896 1043">
    <p class='ocr_par' dir='ltr' id='par_1_4' title="bbox 156 823 1896 1043">
     <span class='ocr_line' id='line_1_4' title="bbox 156 823 1717 923; baseline 0 -15"><span class='ocrx_word' id='word_1_27' title='bbox 156 899 159 908; x_wconf 57' lang='lat'><strong>.</strong></span> <span class='ocrx_word' id='word_1_28' title='bbox 285 841 345 914; x_wconf 82' lang='lat' dir='ltr'><strong>eli.</strong></span> <span class='ocrx_word' id='word_1_29' title='bbox 400 839 565 922; x_wconf 90' lang='lat' dir='ltr'><strong>Quatuor</strong></span> <span class='ocrx_word' id='word_1_30' title='bbox 594 828 728 904; x_wconf 86' lang='lat' dir='ltr'><strong>deinde</strong></span> <span class='ocrx_word' id='word_1_31' title='bbox 765 823 852 901; x_wconf 80' lang='lat' dir='ltr'><strong>stae</strong></span> <span class='ocrx_word' id='word_1_32' title='bbox 883 839 988 920; x_wconf 85' lang='lat' dir='ltr'><strong>erant</strong></span> <span class='ocrx_word' id='word_1_33' title='bbox 1021 824 1233 910; x_wconf 74' lang='lat' dir='ltr'><strong>columnae,</strong></span> <span class='ocrx_word' id='word_1_34' title='bbox 1275 847 1429 923; x_wconf 87' lang='lat' dir='ltr'><strong>quarum</strong></span> <span class='ocrx_word' id='word_1_35' title='bbox 1463 826 1560 904; x_wconf 82' lang='lat' dir='ltr'><strong>duae</strong></span> <span class='ocrx_word' id='word_1_36' title='bbox 1593 829 1717 907; x_wconf 87' lang='lat' dir='ltr'><strong>adhuc</strong></span> 
     </span>
     <span class='ocr_line' id='line_1_5' title="bbox 208 924 1896 1043; baseline -0.003 -29"><span class='ocrx_word' id='word_1_37' title='bbox 208 963 212 970; x_wconf 83' lang='grc'><strong>’</strong></span> <span class='ocrx_word' id='word_1_38' title='bbox 284 937 493 1039; x_wconf 76' lang='lat' dir='ltr'>supersunt,</span> <span class='ocrx_word' id='word_1_39' title='bbox 519 955 610 1032; x_wconf 89' lang='lat' dir='ltr'><strong>quas</strong></span> <span class='ocrx_word' id='word_1_40' title='bbox 629 932 762 1005; x_wconf 87' lang='lat' dir='ltr'><strong>iterum</strong></span> <span class='ocrx_word' id='word_1_41' title='bbox 784 925 918 1002; x_wconf 79' lang='lat' dir='ltr'><strong>similes</strong></span> <span class='ocrx_word' id='word_1_42' title='bbox 944 925 1130 1025; x_wconf 78' lang='lat' dir='ltr'><strong>excipiunt</strong></span> <span class='ocrx_word' id='word_1_43' title='bbox 1151 925 1328 1026; x_wconf 81' lang='lat' dir='ltr'><strong>parietes,</strong></span> <span class='ocrx_word' id='word_1_44' title='bbox 1357 924 1532 1026; x_wconf 76' lang='lat' dir='ltr'><strong>similibus</strong></span> <span class='ocrx_word' id='word_1_45' title='bbox 1555 928 1718 1011; x_wconf 88' lang='lat' dir='ltr'><strong>inllructi</strong></span> <span class='ocrx_word' id='word_1_46' title='bbox 1821 941 1826 949; x_wconf 82' lang='lat'><em>&#39;</em></span> <span class='ocrx_word' id='word_1_47' title='bbox 1892 1027 1896 1043; x_wconf 31' lang='lat'>⁸</span> 
     </span>
    </p>
   </div>
   <div class='ocr_carea' id='block_1_5' title="bbox 283 1027 1718 1116">
    <p class='ocr_par' dir='ltr' id='par_1_5' title="bbox 283 1027 1718 1116">
     <span class='ocr_line' id='line_1_6' title="bbox 283 1027 1718 1116; baseline -0.005 0"><span class='ocrx_word' id='word_1_48' title='bbox 283 1035 510 1116; x_wconf 75' lang='lat' dir='ltr'><strong>animalibus.</strong></span> <span class='ocrx_word' id='word_1_49' title='bbox 571 1035 743 1108; x_wconf 73' lang='lat' dir='ltr'>introitus</span> <span class='ocrx_word' id='word_1_50' title='bbox 770 1028 831 1106; x_wconf 82' lang='lat' dir='ltr'><strong>hic</strong></span> <span class='ocrx_word' id='word_1_51' title='bbox 861 1027 965 1104; x_wconf 89' lang='lat' dir='ltr'><strong>soille</strong></span> <span class='ocrx_word' id='word_1_52' title='bbox 995 1029 1141 1104; x_wconf 85' lang='lat' dir='ltr'><strong>videtur</strong></span> <span class='ocrx_word' id='word_1_53' title='bbox 1173 1027 1286 1105; x_wconf 84' lang='lat' dir='ltr'><strong>totius</strong></span> <span class='ocrx_word' id='word_1_54' title='bbox 1320 1027 1488 1107; x_wconf 88' lang='lat' dir='ltr'><strong>aedilicii.</strong></span> <span class='ocrx_word' id='word_1_55' title='bbox 1553 1031 1643 1109; x_wconf 89' lang='lat' dir='ltr'><strong>lnde</strong></span> <span class='ocrx_word' id='word_1_56' title='bbox 1669 1033 1718 1110; x_wconf 88' lang='lat' dir='ltr'><strong>ad</strong></span> 
     </span>
    </p>
   </div>
   <div class='ocr_carea' id='block_1_6' title="bbox 227 1113 1895 1230">
    <p class='ocr_par' dir='ltr' id='par_1_6' title="bbox 227 1113 1895 1230">
     <span class='ocr_line' id='line_1_7' title="bbox 227 1113 1895 1230; baseline -0.005 -12"><span class='ocrx_word' id='word_1_57' title='bbox 227 1189 228 1192; x_wconf 18' lang='grc' dir='ltr'><strong><em>κ</em></strong></span> <span class='ocrx_word' id='word_1_58' title='bbox 282 1162 433 1218; x_wconf 89' lang='lat' dir='ltr'><strong>manum</strong></span> <span class='ocrx_word' id='word_1_59' title='bbox 457 1139 624 1214; x_wconf 79' lang='lat' dir='ltr'><strong>dextram</strong></span> <span class='ocrx_word' id='word_1_60' title='bbox 648 1134 781 1210; x_wconf 89' lang='lat' dir='ltr'><strong>iterum</strong></span> <span class='ocrx_word' id='word_1_61' title='bbox 809 1154 873 1230; x_wconf 88' lang='lat' dir='ltr'><strong>per</strong></span> <span class='ocrx_word' id='word_1_62' title='bbox 893 1129 1003 1208; x_wconf 87' lang='lat' dir='ltr'><strong>scalaa</strong></span> <span class='ocrx_word' id='word_1_63' title='bbox 1030 1128 1202 1206; x_wconf 85' lang='lat' dir='ltr'><strong>ascensus</strong></span> <span class='ocrx_word' id='word_1_64' title='bbox 1225 1129 1276 1207; x_wconf 86' lang='lat' dir='ltr'><strong>eli</strong></span> <span class='ocrx_word' id='word_1_65' title='bbox 1300 1113 1346 1207; x_wconf 81' lang='lat' dir='ltr'><strong>ad</strong></span> <span class='ocrx_word' id='word_1_66' title='bbox 1367 1131 1564 1210; x_wconf 86' lang='lat' dir='ltr'><strong>secundam</strong></span> <span class='ocrx_word' id='word_1_67' title='bbox 1586 1157 1717 1214; x_wconf 87' lang='lat' dir='ltr'><strong>moou·</strong></span> <span class='ocrx_word' id='word_1_68' title='bbox 1758 1199 1759 1206; x_wconf 12' lang='grc' dir='ltr'><strong><em>Ν</em></strong></span> <span class='ocrx_word' id='word_1_69' title='bbox 1892 1191 1895 1200; x_wconf 84' lang='grc'><strong>.</strong></span> 
     </span>
    </p>
   </div>
   <div class='ocr_carea' id='block_1_7' title="bbox 235 1231 1829 2148">
    <p class='ocr_par' dir='ltr' id='par_1_7' title="bbox 235 1231 1829 2148">
     <span class='ocr_line' id='line_1_8' title="bbox 280 1231 1715 1340; baseline 0.001 -20"><span class='ocrx_word' id='word_1_70' title='bbox 280 1243 398 1336; x_wconf 78' lang='lat' dir='ltr'><strong>menti</strong></span> <span class='ocrx_word' id='word_1_71' title='bbox 421 1253 582 1340; x_wconf 84' lang='lat' dir='ltr'><strong>partem,</strong></span> <span class='ocrx_word' id='word_1_72' title='bbox 607 1249 692 1312; x_wconf 87' lang='lat' dir='ltr'><strong>octo</strong></span> <span class='ocrx_word' id='word_1_73' title='bbox 713 1235 826 1333; x_wconf 85' lang='lat' dir='ltr'><strong>pedes</strong></span> <span class='ocrx_word' id='word_1_74' title='bbox 852 1232 962 1330; x_wconf 85' lang='lat' dir='ltr'>priori</span> <span class='ocrx_word' id='word_1_75' title='bbox 983 1231 1163 1311; x_wconf 87' lang='lat' dir='ltr'><strong>altiorem.</strong></span> <span class='ocrx_word' id='word_1_76' title='bbox 1215 1234 1266 1312; x_wconf 89' lang='lat' dir='ltr'><strong>lbi</strong></span> <span class='ocrx_word' id='word_1_77' title='bbox 1293 1233 1490 1312; x_wconf 81' lang='lat' dir='ltr'><strong>columnae</strong></span> <span class='ocrx_word' id='word_1_78' title='bbox 1509 1233 1598 1316; x_wconf 80' lang='lat' dir='ltr'><strong>ntae</strong></span> <span class='ocrx_word' id='word_1_79' title='bbox 1620 1235 1715 1322; x_wconf 72' lang='lat' dir='ltr'><strong>suot»</strong></span> 
     </span>
     <span class='ocr_line' id='line_1_9' title="bbox 257 1333 1715 1442; baseline 0.005 -30"><span class='ocrx_word' id='word_1_80' title='bbox 257 1341 543 1442; x_wconf 73' lang='lat' dir='ltr'><strong>‚qunquaginta</strong></span> <span class='ocrx_word' id='word_1_81' title='bbox 569 1341 704 1436; x_wconf 74' lang='lat' dir='ltr'><strong>pedum</strong></span> <span class='ocrx_word' id='word_1_82' title='bbox 727 1336 939 1440; x_wconf 74' lang='lat' dir='ltr'><strong>altitudine,</strong></span> <span class='ocrx_word' id='word_1_83' title='bbox 966 1358 1083 1433; x_wconf 89' lang='lat' dir='ltr'><strong>eaque</strong></span> <span class='ocrx_word' id='word_1_84' title='bbox 1114 1333 1283 1418; x_wconf 86' lang='lat' dir='ltr'><strong>crallrtie.</strong></span> <span class='ocrx_word' id='word_1_85' title='bbox 1317 1348 1367 1413; x_wconf 88' lang='lat' dir='ltr'><strong>ut</strong></span> <span class='ocrx_word' id='word_1_86' title='bbox 1383 1334 1492 1413; x_wconf 88' lang='lat' dir='ltr'><strong>trium</strong></span> <span class='ocrx_word' id='word_1_87' title='bbox 1521 1338 1715 1420; x_wconf 79' lang='lat' dir='ltr'><strong>nominum</strong></span> 
     </span>
     <span class='ocr_line' id='line_1_10' title="bbox 279 1433 1774 1616; baseline -0.001 -94"><span class='ocrx_word' id='word_1_88' title='bbox 279 1446 491 1544; x_wconf 81' lang='lat' dir='ltr'><strong>amplexum</strong></span> <span class='ocrx_word' id='word_1_89' title='bbox 517 1439 863 1614; x_wconf 54' lang='lat' dir='ltr'><strong>“Pstfflllswtu&#39;g.</strong></span> <span class='ocrx_word' id='word_1_90' title='bbox 880 1433 1088 1608; x_wconf 40' lang='lat' dir='ltr'><strong>aeczilrcium</strong></span> <span class='ocrx_word' id='word_1_91' title='bbox 1103 1437 1236 1614; x_wconf 65' lang='lat' dir='ltr'><strong>¹abblis</strong></span> <span class='ocrx_word' id='word_1_92' title='bbox 1259 1440 1397 1516; x_wconf 85' lang='lat' dir='ltr'><strong>nomen</strong></span> <span class='ocrx_word' id='word_1_93' title='bbox 1425 1438 1544 1616; x_wconf 56' lang='lat' dir='ltr'><strong>“mli</strong></span> <span class='ocrx_word' id='word_1_94' title='bbox 1594 1441 1727 1561; x_wconf 55' lang='lat' dir='ltr'><strong>lffari&#39;e·x</strong></span> <span class='ocrx_word' id='word_1_95' title='bbox 1770 1455 1774 1468; x_wconf 76' lang='grc'><strong>“</strong></span> 
     </span>
     <span class='ocr_line' id='line_1_11' title="bbox 235 1547 1829 1746; baseline 0.001 -21"><span class='ocrx_word' id='word_1_96' title='bbox 235 1547 1248 1746; x_wconf 47' lang='lat' dir='ltr'><strong>.assibilant.limittit:</strong></span> <span class='ocrx_word' id='word_1_97' title='bbox 1276 1561 1716 1726; x_wconf 47' lang='lat' dir='ltr'><strong>inutilitati</strong></span> <span class='ocrx_word' id='word_1_98' title='bbox 1827 1696 1829 1702; x_wconf 45' lang='lat'><strong>.</strong></span> 
     </span>
     <span class='ocr_line' id='line_1_12' title="bbox 278 1738 1736 1844; baseline -0.003 -16"><span class='ocrx_word' id='word_1_99' title='bbox 278 1753 317 1828; x_wconf 88' lang='lat' dir='ltr'><strong>se</strong></span> <span class='ocrx_word' id='word_1_100' title='bbox 335 1750 554 1828; x_wconf 82' lang='lat' dir='ltr'><strong>certantium</strong></span> <span class='ocrx_word' id='word_1_101' title='bbox 584 1742 726 1840; x_wconf 85' lang='lat' dir='ltr'><strong>effigies</strong></span> <span class='ocrx_word' id='word_1_102' title='bbox 754 1739 887 1818; x_wconf 81' lang='lat' dir='ltr'><strong>filiunt.</strong></span> <span class='ocrx_word' id='word_1_103' title='bbox 950 1738 1173 1819; x_wconf 82' lang='lat' dir='ltr'><strong>Aedilicium</strong></span> <span class='ocrx_word' id='word_1_104' title='bbox 1204 1739 1273 1844; x_wconf 75' lang='lat' dir='ltr'><strong>hac</strong></span> <span class='ocrx_word' id='word_1_105' title='bbox 1300 1753 1403 1836; x_wconf 85' lang='lat' dir='ltr'><strong>parte</strong></span> <span class='ocrx_word' id='word_1_106' title='bbox 1424 1753 1468 1817; x_wconf 91' lang='lat' dir='ltr'><strong>ut</strong></span> <span class='ocrx_word' id='word_1_107' title='bbox 1488 1743 1608 1820; x_wconf 84' lang='lat' dir='ltr'><strong>monti</strong></span> <span class='ocrx_word' id='word_1_108' title='bbox 1635 1765 1736 1844; x_wconf 56' lang='lat' dir='ltr'><strong>prot</strong></span> 
     </span>
     <span class='ocr_line' id='line_1_13' title="bbox 276 1839 1713 1945; baseline -0.007 -15"><span class='ocrx_word' id='word_1_109' title='bbox 276 1854 438 1938; x_wconf 74' lang='lat' dir='ltr'><strong>orimum,</strong></span> <span class='ocrx_word' id='word_1_110' title='bbox 464 1853 514 1928; x_wconf 87' lang='lat' dir='ltr'><strong>ita</strong></span> <span class='ocrx_word' id='word_1_111' title='bbox 539 1861 578 1926; x_wconf 86' lang='lat' dir='ltr'><strong>et</strong></span> <span class='ocrx_word' id='word_1_112' title='bbox 594 1846 734 1922; x_wconf 88' lang='lat' dir='ltr'><strong>ambitu</strong></span> <span class='ocrx_word' id='word_1_113' title='bbox 756 1842 959 1920; x_wconf 89' lang='lat' dir='ltr'><strong>maximum</strong></span> <span class='ocrx_word' id='word_1_114' title='bbox 983 1839 1053 1924; x_wconf 73' lang='lat' dir='ltr'><strong>esta</strong></span> <span class='ocrx_word' id='word_1_115' title='bbox 1081 1841 1239 1938; x_wconf 80' lang='lat' dir='ltr'><strong>parietes</strong></span> <span class='ocrx_word' id='word_1_116' title='bbox 1259 1841 1713 1945; x_wconf 31' lang='lat' dir='ltr'><strong>multislfiguriaiollrncti</strong></span> 
     </span>
     <span class='ocr_line' id='line_1_14' title="bbox 277 1941 1820 2048; baseline -0.001 -17"><span class='ocrx_word' id='word_1_117' title='bbox 277 1955 380 2043; x_wconf 81' lang='lat' dir='ltr'><strong>suot,</strong></span> <span class='ocrx_word' id='word_1_118' title='bbox 406 1960 613 2048; x_wconf 78' lang='lat' dir='ltr'><strong>interquas</strong></span> <span class='ocrx_word' id='word_1_119' title='bbox 635 1970 760 2044; x_wconf 85' lang='lat' dir='ltr'><strong>regem</strong></span> <span class='ocrx_word' id='word_1_120' title='bbox 782 1943 866 2022; x_wconf 87' lang='lat' dir='ltr'><strong>sella</strong></span> <span class='ocrx_word' id='word_1_121' title='bbox 889 1943 989 2038; x_wconf 82' lang='lat' dir='ltr'><strong>regia</strong></span> <span class='ocrx_word' id='word_1_122' title='bbox 1015 1941 1203 2020; x_wconf 86' lang='lat' dir='ltr'><strong>sedentem</strong></span> <span class='ocrx_word' id='word_1_123' title='bbox 1223 1966 1299 2020; x_wconf 91' lang='lat' dir='ltr'><strong>nou</strong></span> <span class='ocrx_word' id='word_1_124' title='bbox 1324 1943 1484 2038; x_wconf 84' lang='lat' dir='ltr'><strong>ignores.</strong></span> <span class='ocrx_word' id='word_1_125' title='bbox 1522 1947 1622 2024; x_wconf 72' lang='lat' dir='ltr'><strong>alia</strong></span> <span class='ocrx_word' id='word_1_126' title='bbox 1644 1952 1714 2030; x_wconf 88' lang='lat' dir='ltr'><strong>ml·</strong></span> <span class='ocrx_word' id='word_1_127' title='bbox 1805 1988 1820 2048; x_wconf 70' lang='lat'><strong>.&#39;</strong></span> 
     </span>
     <span class='ocr_line' id='line_1_15' title="bbox 278 2041 1710 2148; baseline -0.001 -17"><span class='ocrx_word' id='word_1_128' title='bbox 278 2055 381 2131; x_wconf 81' lang='lat' dir='ltr'><strong>noris</strong></span> <span class='ocrx_word' id='word_1_129' title='bbox 403 2053 600 2129; x_wconf 86' lang='lat' dir='ltr'><strong>structurae</strong></span> <span class='ocrx_word' id='word_1_130' title='bbox 619 2045 896 2126; x_wconf 81' lang='lat' dir='ltr'><strong>aedilicia&#39;inde</strong></span> <span class='ocrx_word' id='word_1_131' title='bbox 917 2046 964 2122; x_wconf 85' lang='lat' dir='ltr'><strong>ad</strong></span> <span class='ocrx_word' id='word_1_132' title='bbox 988 2046 1219 2122; x_wconf 84' lang='lat' dir='ltr'><strong>occidentem</strong></span> <span class='ocrx_word' id='word_1_133' title='bbox 1243 2043 1366 2122; x_wconf 85' lang='lat' dir='ltr'><strong>versus</strong></span> <span class='ocrx_word' id='word_1_134' title='bbox 1387 2041 1576 2137; x_wconf 78' lang='lat' dir='ltr'><strong>srta&#39;sunt,</strong></span> <span class='ocrx_word' id='word_1_135' title='bbox 1603 2074 1710 2148; x_wconf 85' lang='lat' dir='ltr'><strong>quae,</strong></span> 
     </span>
    </p>
   </div>
   <div class='ocr_carea' id='block_1_8' title="bbox 122 2147 1711 2253">
    <p class='ocr_par' dir='ltr' id='par_1_8' title="bbox 122 2147 1711 2253">
     <span class='ocr_line' id='line_1_16' title="bbox 122 2147 1711 2253; baseline 0.013 -41"><span class='ocrx_word' id='word_1_136' title='bbox 122 2184 132 2206; x_wconf 85' lang='lat'><strong>·</strong></span> <span class='ocrx_word' id='word_1_137' title='bbox 276 2176 394 2253; x_wconf 73' lang='lat' dir='ltr'><strong>quum</strong></span> <span class='ocrx_word' id='word_1_138' title='bbox 417 2154 551 2230; x_wconf 74' lang='lat' dir='ltr'><strong>iterum</strong></span> <span class='ocrx_word' id='word_1_139' title='bbox 573 2149 692 2228; x_wconf 87' lang='lat' dir='ltr'><strong>solum</strong></span> <span class='ocrx_word' id='word_1_140' title='bbox 715 2149 846 2232; x_wconf 76' lang='lat' dir='ltr'><strong>elatius</strong></span> <span class='ocrx_word' id='word_1_141' title='bbox 871 2161 1073 2241; x_wconf 82' lang='lat' dir='ltr'><strong>occupent,</strong></span> <span class='ocrx_word' id='word_1_142' title='bbox 1105 2147 1251 2230; x_wconf 86' lang='lat' dir='ltr'><strong>tertiam</strong></span> <span class='ocrx_word' id='word_1_143' title='bbox 1279 2149 1393 2222; x_wconf 88' lang='lat' dir='ltr'><strong>totius</strong></span> <span class='ocrx_word' id='word_1_144' title='bbox 1419 2150 1711 2248; x_wconf 73' lang='lat' dir='ltr'><strong>operis&#39;partem</strong></span> 
     </span>
    </p>
   </div>
   <div class='ocr_carea' id='block_1_9' title="bbox 278 2248 1768 2486">
    <p class='ocr_par' dir='ltr' id='par_1_9' title="bbox 278 2248 1768 2486">
     <span class='ocr_line' id='line_1_17' title="bbox 278 2248 1768 2356; baseline -0.006 -24"><span class='ocrx_word' id='word_1_145' title='bbox 278 2251 425 2332; x_wconf 86' lang='lat' dir='ltr'><strong>efficere</strong></span> <span class='ocrx_word' id='word_1_146' title='bbox 454 2254 525 2328; x_wconf 85' lang='lat' dir='ltr'><strong>dici</strong></span> <span class='ocrx_word' id='word_1_147' title='bbox 556 2251 708 2349; x_wconf 87' lang='lat' dir='ltr'><strong>polluat.</strong></span> <span class='ocrx_word' id='word_1_148' title='bbox 764 2248 990 2328; x_wconf 85' lang='lat' dir='ltr'><strong>Remotioris</strong></span> <span class='ocrx_word' id='word_1_149' title='bbox 1018 2250 1112 2324; x_wconf 86' lang='lat' dir='ltr'><strong>haec</strong></span> <span class='ocrx_word' id='word_1_150' title='bbox 1139 2250 1210 2326; x_wconf 82' lang='lat' dir='ltr'><strong>elie</strong></span> <span class='ocrx_word' id='word_1_151' title='bbox 1232 2248 1404 2326; x_wconf 87' lang='lat' dir='ltr'><strong>videntur</strong></span> <span class='ocrx_word' id='word_1_152' title='bbox 1433 2251 1568 2330; x_wconf 76' lang='lat' dir='ltr'><strong>aetatis</strong></span> <span class='ocrx_word' id='word_1_153' title='bbox 1599 2277 1711 2356; x_wconf 78' lang='lat' dir='ltr'><strong>qnam</strong></span> <span class='ocrx_word' id='word_1_154' title='bbox 1766 2275 1768 2283; x_wconf 69' lang='grc'><em>’</em></span> 
     </span>
     <span class='ocr_line' id='line_1_18' title="bbox 278 2339 1699 2486; baseline -0.016 -34"><span class='ocrx_word' id='word_1_155' title='bbox 278 2370 421 2448; x_wconf 63' lang='lat' dir='ltr'><strong>celem</strong></span> <span class='ocrx_word' id='word_1_156' title='bbox 437 2339 641 2453; x_wconf 70' lang='lat' dir='ltr'><strong>sculptoris</strong></span> <span class='ocrx_word' id='word_1_157' title='bbox 665 2370 783 2480; x_wconf 72' lang='lat' dir='ltr'><strong>aeque</strong></span> <span class='ocrx_word' id='word_1_158' title='bbox 807 2359 852 2425; x_wconf 87' lang='lat' dir='ltr'><strong>ac</strong></span> <span class='ocrx_word' id='word_1_159' title='bbox 874 2347 999 2426; x_wconf 87' lang='lat' dir='ltr'><strong>omnia</strong></span> <span class='ocrx_word' id='word_1_160' title='bbox 1025 2350 1164 2450; x_wconf 90' lang='lat' dir='ltr'><strong>reliqua</strong></span> <span class='ocrx_word' id='word_1_161' title='bbox 1189 2345 1316 2429; x_wconf 86' lang='lat' dir='ltr'><strong>multis</strong></span> <span class='ocrx_word' id='word_1_162' title='bbox 1340 2352 1543 2434; x_wconf 83' lang='lat' dir='ltr'><strong>abundant.</strong></span> <span class='ocrx_word' id='word_1_163' title='bbox 1641 2463 1650 2486; x_wconf 88' lang='lat'><strong>.</strong></span> <span class='ocrx_word' id='word_1_164' title='bbox 1690 2397 1699 2414; x_wconf 85' lang='lat'>·</span> 
     </span>
    </p>
   </div>
   <div class='ocr_carea' id='block_1_10' title="bbox 267 2487 1712 2640">
    <p class='ocr_par' dir='ltr' id='par_1_10' title="bbox 267 2487 1712 2640">
     <span class='ocr_line' id='line_1_19' title="bbox 267 2487 1712 2640; baseline 0.007 -31"><span class='ocrx_word' id='word_1_165' title='bbox 267 2487 309 2574; x_wconf 54' lang='lat'><strong>·⁶</strong></span> <span class='ocrx_word' id='word_1_166' title='bbox 380 2541 413 2618; x_wconf 83' lang='lat' dir='ltr'><strong>E</strong></span> <span class='ocrx_word' id='word_1_167' title='bbox 440 2535 589 2640; x_wconf 87' lang='lat' dir='ltr'><strong>regione</strong></span> <span class='ocrx_word' id='word_1_168' title='bbox 621 2535 732 2612; x_wconf 83' lang='lat' dir='ltr'><strong>huius</strong></span> <span class='ocrx_word' id='word_1_169' title='bbox 760 2530 917 2611; x_wconf 87' lang='lat' dir='ltr'><strong>aedilicii</strong></span> <span class='ocrx_word' id='word_1_170' title='bbox 950 2555 1059 2611; x_wconf 90' lang='lat' dir='ltr'><strong>mons</strong></span> <span class='ocrx_word' id='word_1_171' title='bbox 1091 2531 1283 2612; x_wconf 87' lang='lat' dir='ltr'><strong>Rachmed</strong></span> <span class='ocrx_word' id='word_1_172' title='bbox 1317 2520 1603 2616; x_wconf 83' lang='lat' dir='ltr'><strong>¹monumentum</strong></span> <span class='ocrx_word' id='word_1_173' title='bbox 1636 2539 1712 2640; x_wconf 87' lang='lat' dir='ltr'><strong>spe·</strong></span> 
     </span>
    </p>
   </div>
   <div class='ocr_carea' id='block_1_11' title="bbox 279 2627 1887 2842">
    <p class='ocr_par' dir='ltr' id='par_1_11' title="bbox 279 2627 1887 2842">
     <span class='ocr_line' id='line_1_20' title="bbox 279 2627 1887 2739; baseline -0.004 -18"><span class='ocrx_word' id='word_1_174' title='bbox 279 2645 452 2721; x_wconf 89' lang='lat' dir='ltr'><strong>ctandum</strong></span> <span class='ocrx_word' id='word_1_175' title='bbox 474 2627 752 2739; x_wconf 76' lang='lat' dir='ltr'><strong>praebetquam</strong></span> <span class='ocrx_word' id='word_1_176' title='bbox 772 2637 934 2714; x_wconf 83' lang='lat' dir='ltr'><strong>maxime</strong></span> <span class='ocrx_word' id='word_1_177' title='bbox 954 2636 1203 2730; x_wconf 83' lang='lat' dir='ltr'><strong>memorabile.</strong></span> <span class='ocrx_word' id='word_1_178' title='bbox 1255 2637 1389 2732; x_wconf 83' lang='lat' dir='ltr'><strong>Magna</strong></span> <span class='ocrx_word' id='word_1_179' title='bbox 1410 2639 1572 2736; x_wconf 89' lang='lat' dir='ltr'><strong>lapidum</strong></span> <span class='ocrx_word' id='word_1_180' title='bbox 1591 2644 1709 2719; x_wconf 75' lang='lat' dir='ltr'><strong>moles</strong></span> <span class='ocrx_word' id='word_1_181' title='bbox 1835 2667 1839 2682; x_wconf 91' lang='lat'>·</span> <span class='ocrx_word' id='word_1_182' title='bbox 1882 2709 1887 2728; x_wconf 80' lang='grc'>,</span> 
     </span>
     <span class='ocr_line' id='line_1_21' title="bbox 280 2735 1844 2842; baseline -0.002 -22"><span class='ocrx_word' id='word_1_183' title='bbox 280 2746 425 2820; x_wconf 88' lang='lat' dir='ltr'><strong>mediae</strong></span> <span class='ocrx_word' id='word_1_184' title='bbox 444 2740 521 2818; x_wconf 87' lang='lat' dir='ltr'><strong>lere</strong></span> <span class='ocrx_word' id='word_1_185' title='bbox 539 2741 679 2818; x_wconf 88' lang='lat' dir='ltr'><strong>montis</strong></span> <span class='ocrx_word' id='word_1_186' title='bbox 700 2737 779 2834; x_wconf 89' lang='lat' dir='ltr'><strong>rupi</strong></span> <span class='ocrx_word' id='word_1_187' title='bbox 800 2751 947 2816; x_wconf 84' lang='lat' dir='ltr'><strong>exemta</strong></span> <span class='ocrx_word' id='word_1_188' title='bbox 969 2735 1037 2826; x_wconf 84' lang='lat' dir='ltr'><strong>est,</strong></span> <span class='ocrx_word' id='word_1_189' title='bbox 1064 2751 1105 2814; x_wconf 91' lang='lat' dir='ltr'><strong>ut</strong></span> <span class='ocrx_word' id='word_1_190' title='bbox 1128 2738 1439 2836; x_wconf 86' lang='lat' dir='ltr'><strong>perpendicularis</strong></span> <span class='ocrx_word' id='word_1_191' title='bbox 1462 2735 1568 2819; x_wconf 85' lang='lat' dir='ltr'><strong>lieret</strong></span> <span class='ocrx_word' id='word_1_192' title='bbox 1589 2735 1708 2842; x_wconf 78' lang='lat' dir='ltr'><strong>super·</strong></span> <span class='ocrx_word' id='word_1_193' title='bbox 1839 2768 1844 2774; x_wconf 54' lang='lat'><em>⁴</em></span> 
     </span>
    </p>
   </div>
   <div class='ocr_carea' id='block_1_12' title="bbox 279 2839 1783 3246">
    <p class='ocr_par' dir='ltr' id='par_1_12' title="bbox 279 2839 1783 3246">
     <span class='ocr_line' id='line_1_22' title="bbox 282 2839 1709 2942; baseline 0.004 -23"><span class='ocrx_word' id='word_1_194' title='bbox 282 2844 403 2928; x_wconf 82' lang='lat' dir='ltr'><strong>ficies,</strong></span> <span class='ocrx_word' id='word_1_195' title='bbox 429 2865 537 2938; x_wconf 90' lang='lat' dir='ltr'><strong>qoam</strong></span> <span class='ocrx_word' id='word_1_196' title='bbox 560 2841 695 2942; x_wconf 83' lang='lat' dir='ltr'><strong>deinde</strong></span> <span class='ocrx_word' id='word_1_197' title='bbox 713 2839 839 2916; x_wconf 87' lang='lat' dir='ltr'><strong>multis</strong></span> <span class='ocrx_word' id='word_1_198' title='bbox 861 2839 1051 2936; x_wconf 85' lang='lat' dir='ltr'><strong>sculpturis</strong></span> <span class='ocrx_word' id='word_1_199' title='bbox 1074 2839 1250 2938; x_wconf 88' lang='lat' dir='ltr'><strong>perpolite</strong></span> <span class='ocrx_word' id='word_1_200' title='bbox 1276 2843 1447 2918; x_wconf 87' lang='lat' dir='ltr'><strong>omnibus</strong></span> <span class='ocrx_word' id='word_1_201' title='bbox 1467 2843 1585 2919; x_wconf 88' lang='lat' dir='ltr'><strong>incisis</strong></span> <span class='ocrx_word' id='word_1_202' title='bbox 1608 2869 1709 2932; x_wconf 65' lang='lat' dir='ltr'><strong>oroa÷</strong></span> 
     </span>
     <span class='ocr_line' id='line_1_23' title="bbox 279 2937 1708 3038; baseline -0.006 -19"><span class='ocrx_word' id='word_1_203' title='bbox 279 2945 334 3020; x_wconf 86' lang='lat' dir='ltr'><strong>vlt</strong></span> <span class='ocrx_word' id='word_1_204' title='bbox 354 2942 497 3029; x_wconf 72' lang='lat' dir='ltr'><strong>artifex.</strong></span> <span class='ocrx_word' id='word_1_205' title='bbox 547 2942 679 3030; x_wconf 79' lang='lat' dir='ltr'><strong>Totum</strong></span> <span class='ocrx_word' id='word_1_206' title='bbox 707 2937 798 3020; x_wconf 85' lang='lat' dir='ltr'><strong>hoc,</strong></span> <span class='ocrx_word' id='word_1_207' title='bbox 831 2939 928 3009; x_wconf 89' lang='lat' dir='ltr'><strong>inter</strong></span> <span class='ocrx_word' id='word_1_208' title='bbox 950 2939 1218 3028; x_wconf 84' lang='lat' dir='ltr'><strong>Persepolltane</strong></span> <span class='ocrx_word' id='word_1_209' title='bbox 1250 2942 1358 3014; x_wconf 79' lang='lat' dir='ltr'><strong>facile</strong></span> <span class='ocrx_word' id='word_1_210' title='bbox 1387 2941 1628 3038; x_wconf 77' lang='lat' dir='ltr'><strong>gravillimum</strong></span> <span class='ocrx_word' id='word_1_211' title='bbox 1655 2973 1708 3025; x_wconf 73' lang='lat' dir='ltr'><strong>ar.</strong></span> 
     </span>
     <span class='ocr_line' id='line_1_24' title="bbox 279 3032 1709 3139; baseline 0.003 -20"><span class='ocrx_word' id='word_1_212' title='bbox 279 3047 331 3120; x_wconf 85' lang='lat' dir='ltr'><strong>tis</strong></span> <span class='ocrx_word' id='word_1_213' title='bbox 359 3066 451 3138; x_wconf 87' lang='lat' dir='ltr'><strong>opus</strong></span> <span class='ocrx_word' id='word_1_214' title='bbox 475 3038 577 3126; x_wconf 80' lang='lat' dir='ltr'><strong>istie,</strong></span> <span class='ocrx_word' id='word_1_215' title='bbox 613 3061 658 3110; x_wconf 87' lang='lat' dir='ltr'><strong>ex</strong></span> <span class='ocrx_word' id='word_1_216' title='bbox 682 3034 858 3139; x_wconf 83' lang='lat' dir='ltr'><strong>Clrardlni</strong></span> <span class='ocrx_word' id='word_1_217' title='bbox 882 3032 1005 3127; x_wconf 80' lang='lat' dir='ltr'><strong>effigie</strong></span> <span class='ocrx_word' id='word_1_218' title='bbox 1028 3035 1169 3119; x_wconf 84' lang='lat' dir='ltr'><strong>LXVII,</strong></span> <span class='ocrx_word' id='word_1_219' title='bbox 1196 3034 1318 3120; x_wconf 86' lang='lat' dir='ltr'><strong>tabula</strong></span> <span class='ocrx_word' id='word_1_220' title='bbox 1344 3039 1459 3115; x_wconf 87' lang='lat' dir='ltr'><strong>nollra</strong></span> <span class='ocrx_word' id='word_1_221' title='bbox 1487 3045 1510 3116; x_wconf 89' lang='lat' dir='ltr'><strong>l.</strong></span> <span class='ocrx_word' id='word_1_222' title='bbox 1564 3045 1709 3124; x_wconf 83' lang='lat' dir='ltr'><strong>Frontis</strong></span> 
     </span>
     <span class='ocr_line' id='line_1_25' title="bbox 280 3134 1783 3246; baseline 0.003 -24"><span class='ocrx_word' id='word_1_223' title='bbox 280 3145 435 3222; x_wconf 88' lang='lat' dir='ltr'><strong>latitudo</strong></span> <span class='ocrx_word' id='word_1_224' title='bbox 463 3140 687 3239; x_wconf 78' lang='lat' dir='ltr'><strong>septuaginta</strong></span> <span class='ocrx_word' id='word_1_225' title='bbox 712 3149 754 3212; x_wconf 90' lang='lat' dir='ltr'><strong>et</strong></span> <span class='ocrx_word' id='word_1_226' title='bbox 774 3137 930 3226; x_wconf 87' lang='lat' dir='ltr'><strong>duorum</strong></span> <span class='ocrx_word' id='word_1_227' title='bbox 963 3134 1096 3232; x_wconf 90' lang='lat' dir='ltr'><strong>pedum</strong></span> <span class='ocrx_word' id='word_1_228' title='bbox 1125 3135 1193 3222; x_wconf 82' lang='lat' dir='ltr'><strong>ell,</strong></span> <span class='ocrx_word' id='word_1_229' title='bbox 1225 3140 1387 3215; x_wconf 86' lang='lat' dir='ltr'><strong>altitudo</strong></span> <span class='ocrx_word' id='word_1_230' title='bbox 1406 3154 1553 3220; x_wconf 86' lang='lat' dir='ltr'><strong>centurn</strong></span> <span class='ocrx_word' id='word_1_231' title='bbox 1584 3162 1622 3223; x_wconf 91' lang='lat' dir='ltr'><strong>et</strong></span> <span class='ocrx_word' id='word_1_232' title='bbox 1646 3153 1706 3228; x_wconf 90' lang='lat' dir='ltr'><strong>tri·</strong></span> <span class='ocrx_word' id='word_1_233' title='bbox 1740 3179 1783 3246; x_wconf 68' lang='lat'><strong>¹,</strong></span> 
     </span>
    </p>
   </div>
   <div class='ocr_carea' id='block_1_13' title="bbox 280 3235 1901 3440">
    <p class='ocr_par' dir='ltr' id='par_1_13' title="bbox 280 3235 1901 3440">
     <span class='ocr_line' id='line_1_26' title="bbox 281 3235 1901 3343; baseline -0.001 -23"><span class='ocrx_word' id='word_1_234' title='bbox 281 3251 394 3343; x_wconf 80' lang='lat' dir='ltr'><strong>ginta.</strong></span> <span class='ocrx_word' id='word_1_235' title='bbox 448 3245 576 3321; x_wconf 89' lang='lat' dir='ltr'><strong>Simile</strong></span> <span class='ocrx_word' id='word_1_236' title='bbox 593 3261 685 3340; x_wconf 89' lang='lat' dir='ltr'><strong>opus</strong></span> <span class='ocrx_word' id='word_1_237' title='bbox 710 3237 894 3337; x_wconf 90' lang='lat' dir='ltr'><strong>paululum</strong></span> <span class='ocrx_word' id='word_1_238' title='bbox 918 3238 1004 3324; x_wconf 84' lang='lat' dir='ltr'><strong>inde</strong></span> <span class='ocrx_word' id='word_1_239' title='bbox 1023 3235 1213 3322; x_wconf 88' lang='lat' dir='ltr'><strong>meridiem</strong></span> <span class='ocrx_word' id='word_1_240' title='bbox 1232 3241 1354 3316; x_wconf 86' lang='lat' dir='ltr'><strong>versus</strong></span> <span class='ocrx_word' id='word_1_241' title='bbox 1374 3243 1409 3319; x_wconf 88' lang='lat' dir='ltr'><strong>in</strong></span> <span class='ocrx_word' id='word_1_242' title='bbox 1432 3246 1562 3322; x_wconf 82' lang='lat' dir='ltr'><strong>endem</strong></span> <span class='ocrx_word' id='word_1_243' title='bbox 1582 3265 1709 3329; x_wconf 88' lang='lat' dir='ltr'><strong>monte</strong></span> <span class='ocrx_word' id='word_1_244' title='bbox 1796 3291 1800 3300; x_wconf 93' lang='lat'><strong>·</strong></span> <span class='ocrx_word' id='word_1_245' title='bbox 1849 3291 1852 3296; x_wconf 91' lang='lat'><em>-</em></span> <span class='ocrx_word' id='word_1_246' title='bbox 1895 3299 1901 3318; x_wconf 82' lang='lat'><strong>.</strong></span> 
     </span>
     <span class='ocr_line' id='line_1_27' title="bbox 280 3339 1836 3440; baseline -0.01 -18"><span class='ocrx_word' id='word_1_247' title='bbox 280 3347 443 3432; x_wconf 81' lang='lat' dir='ltr'><strong>excisum</strong></span> <span class='ocrx_word' id='word_1_248' title='bbox 475 3345 544 3433; x_wconf 71' lang='lat' dir='ltr'><strong>ellr</strong></span> <span class='ocrx_word' id='word_1_249' title='bbox 585 3363 706 3438; x_wconf 80' lang='lat' dir='ltr'><strong>aquo</strong></span> <span class='ocrx_word' id='word_1_250' title='bbox 733 3339 867 3415; x_wconf 88' lang='lat' dir='ltr'><strong>iterum</strong></span> <span class='ocrx_word' id='word_1_251' title='bbox 899 3352 1082 3438; x_wconf 87' lang='lat' dir='ltr'><strong>quartam</strong></span> <span class='ocrx_word' id='word_1_252' title='bbox 1103 3341 1216 3416; x_wconf 87' lang='lat' dir='ltr'><strong>llorae</strong></span> <span class='ocrx_word' id='word_1_253' title='bbox 1245 3346 1525 3440; x_wconf 77' lang='lat' dir='ltr'><strong>partem..dillat</strong></span> <span class='ocrx_word' id='word_1_254' title='bbox 1558 3355 1706 3434; x_wconf 80' lang='lat' dir='ltr'><strong>tertium</strong></span> <span class='ocrx_word' id='word_1_255' title='bbox 1831 3396 1836 3406; x_wconf 93' lang='lat'><strong>.</strong></span> 
     </span>
    </p>
   </div>
   <div class='ocr_carea' id='block_1_14' title="bbox 168 3435 1530 3547">
    <p class='ocr_par' dir='ltr' id='par_1_14' title="bbox 168 3435 1530 3547">
     <span class='ocr_line' id='line_1_28' title="bbox 168 3435 1530 3547; baseline 0.002 -24"><span class='ocrx_word' id='word_1_256' title='bbox 168 3457 170 3460; x_wconf 79' lang='grc'>’</span> <span class='ocrx_word' id='word_1_257' title='bbox 199 3482 201 3488; x_wconf 55' lang='grc'>’</span> <span class='ocrx_word' id='word_1_258' title='bbox 281 3449 448 3527; x_wconf 78' lang='lat' dir='ltr'><strong>eiusdem</strong></span> <span class='ocrx_word' id='word_1_259' title='bbox 474 3446 620 3546; x_wconf 83' lang='lat' dir='ltr'><strong>generis</strong></span> <span class='ocrx_word' id='word_1_260' title='bbox 649 3441 916 3542; x_wconf 78' lang='lat' dir='ltr'><strong>anaglyphum,</strong></span> <span class='ocrx_word' id='word_1_261' title='bbox 942 3464 1017 3517; x_wconf 91' lang='lat' dir='ltr'><strong>non</strong></span> <span class='ocrx_word' id='word_1_262' title='bbox 1038 3435 1180 3546; x_wconf 84' lang='lat' dir='ltr'><strong>prorsus</strong></span> <span class='ocrx_word' id='word_1_263' title='bbox 1197 3465 1289 3530; x_wconf 74' lang='lat' dir='ltr'><strong>pero</strong></span> <span class='ocrx_word' id='word_1_264' title='bbox 1315 3449 1530 3547; x_wconf 85' lang='lat' dir='ltr'><strong>perfectum.</strong></span> 
     </span>
    </p>
   </div>
   <div class='ocr_carea' id='block_1_15' title="bbox 481 3698 1360 3804">
    <p class='ocr_par' dir='ltr' id='par_1_15' title="bbox 481 3698 1360 3804">
     <span class='ocr_line' id='line_1_29' title="bbox 481 3698 1360 3804; baseline 0.006 -29"><span class='ocrx_word' id='word_1_265' title='bbox 481 3733 487 3743; x_wconf 95' lang='lat'><em>·</em></span> <span class='ocrx_word' id='word_1_266' title='bbox 631 3699 677 3778; x_wconf 85' lang='lat' dir='ltr'><strong>V.</strong></span> <span class='ocrx_word' id='word_1_267' title='bbox 735 3698 1125 3778; x_wconf 76' lang='lat' dir='ltr'><strong>Commentariorum</strong></span> <span class='ocrx_word' id='word_1_268' title='bbox 1159 3702 1360 3804; x_wconf 80' lang='lat' dir='ltr'><strong>recensio.</strong></span> 
     </span>
    </p>
   </div>
   <div class='ocr_carea' id='block_1_16' title="bbox 285 3821 1712 4062">
    <p class='ocr_par' dir='ltr' id='par_1_16' title="bbox 285 3821 1712 4062">
     <span class='ocr_line' id='line_1_30' title="bbox 383 3821 1710 3960; baseline 0.006 -28"><span class='ocrx_word' id='word_1_269' title='bbox 383 3853 680 3948; x_wconf 73' lang='lat' dir='ltr'><strong>peregrinaturos</strong></span> <span class='ocrx_word' id='word_1_270' title='bbox 705 3852 784 3929; x_wconf 91' lang='lat' dir='ltr'><strong>sere</strong></span> <span class='ocrx_word' id='word_1_271' title='bbox 805 3823 937 3931; x_wconf 72' lang='lat' dir='ltr'><strong>omnen</strong></span> <span class='ocrx_word' id='word_1_272' title='bbox 960 3879 1073 3958; x_wconf 88' lang='lat' dir='ltr'><strong>quum</strong></span> <span class='ocrx_word' id='word_1_273' title='bbox 1098 3879 1168 3940; x_wconf 88' lang='lat' dir='ltr'><strong>nec</strong></span> <span class='ocrx_word' id='word_1_274' title='bbox 1189 3855 1357 3935; x_wconf 89' lang='lat' dir='ltr'><strong>billoriae</strong></span> <span class='ocrx_word' id='word_1_275' title='bbox 1381 3879 1452 3934; x_wconf 90' lang='lat' dir='ltr'><strong>nec</strong></span> <span class='ocrx_word' id='word_1_276' title='bbox 1473 3859 1562 3936; x_wconf 84' lang='lat' dir='ltr'><strong>artis</strong></span> <span class='ocrx_word' id='word_1_277' title='bbox 1591 3821 1710 3960; x_wconf 81' lang='lat' dir='ltr'><strong>cogni·</strong></span> 
     </span>
     <span class='ocr_line' id='line_1_31' title="bbox 285 3951 1712 4062; baseline 0.003 -26"><span class='ocrx_word' id='word_1_278' title='bbox 285 3959 385 4036; x_wconf 87' lang='lat' dir='ltr'><strong>tione</strong></span> <span class='ocrx_word' id='word_1_279' title='bbox 409 3958 513 4052; x_wconf 73' lang='lat' dir='ltr'><strong>ualde</strong></span> <span class='ocrx_word' id='word_1_280' title='bbox 535 3953 648 4030; x_wconf 85' lang='lat' dir='ltr'><strong>essent</strong></span> <span class='ocrx_word' id='word_1_281' title='bbox 667 3951 803 4040; x_wconf 87' lang='lat' dir='ltr'><strong>inbuti,</strong></span> <span class='ocrx_word' id='word_1_282' title='bbox 829 3955 979 4039; x_wconf 86' lang='lat' dir='ltr'><strong>minoris</strong></span> <span class='ocrx_word' id='word_1_283' title='bbox 1000 3957 1182 4048; x_wconf 86' lang='lat' dir='ltr'><strong>momenti</strong></span> <span class='ocrx_word' id='word_1_284' title='bbox 1203 3957 1361 4034; x_wconf 89' lang='lat' dir='ltr'><strong>habendi</strong></span> <span class='ocrx_word' id='word_1_285' title='bbox 1388 3957 1468 4036; x_wconf 91' lang='lat' dir='ltr'><strong>lunt</strong></span> <span class='ocrx_word' id='word_1_286' title='bbox 1487 3964 1607 4062; x_wconf 78' lang='lat' dir='ltr'><strong>quoad</strong></span> <span class='ocrx_word' id='word_1_287' title='bbox 1629 3966 1712 4041; x_wconf 88' lang='lat' dir='ltr'><strong>Per·</strong></span> 
     </span>
    </p>
   </div>
   <div class='ocr_carea' id='block_1_17' title="bbox 40 4055 1950 4469">
    <p class='ocr_par' dir='ltr' id='par_1_17' title="bbox 40 4055 1950 4469">
     <span class='ocr_line' id='line_1_32' title="bbox 40 4055 1711 4162; baseline 0.004 -27"><span class='ocrx_word' id='word_1_288' title='bbox 40 4081 73 4112; x_wconf 69' lang='grc'><strong>·’·</strong></span> <span class='ocrx_word' id='word_1_289' title='bbox 161 4115 171 4126; x_wconf 92' lang='grc'><strong>.</strong></span> <span class='ocrx_word' id='word_1_290' title='bbox 286 4059 482 4158; x_wconf 77' lang='lat' dir='ltr'><strong>[apolitana</strong></span> <span class='ocrx_word' id='word_1_291' title='bbox 516 4055 747 4153; x_wconf 70' lang='lat' dir='ltr'><strong>explicanda„</strong></span> <span class='ocrx_word' id='word_1_292' title='bbox 801 4057 937 4134; x_wconf 88' lang='lat' dir='ltr'><strong>Eorum</strong></span> <span class='ocrx_word' id='word_1_293' title='bbox 962 4062 1071 4162; x_wconf 84' lang='lat' dir='ltr'><strong>igitur</strong></span> <span class='ocrx_word' id='word_1_294' title='bbox 1096 4059 1297 4139; x_wconf 85' lang='lat' dir='ltr'><strong>sententias</strong></span> <span class='ocrx_word' id='word_1_295' title='bbox 1320 4061 1481 4138; x_wconf 85' lang='lat' dir='ltr'><strong>excludit</strong></span> <span class='ocrx_word' id='word_1_296' title='bbox 1511 4065 1711 4142; x_wconf 83' lang='lat' dir='ltr'><strong>lraecmea</strong></span> 
     </span>
     <span class='ocr_line' id='line_1_33' title="bbox 155 4157 1950 4264; baseline -0.003 -24"><span class='ocrx_word' id='word_1_297' title='bbox 155 4251 161 4264; x_wconf 31' lang='lat'>¹</span> <span class='ocrx_word' id='word_1_298' title='bbox 276 4161 527 4256; x_wconf 80' lang='lat' dir='ltr'><strong>enumeratio.</strong></span> <span class='ocrx_word' id='word_1_299' title='bbox 577 4157 730 4255; x_wconf 85' lang='lat' dir='ltr'><strong>Reliqua</strong></span> <span class='ocrx_word' id='word_1_300' title='bbox 752 4181 839 4234; x_wconf 88' lang='lat' dir='ltr'><strong>vero</strong></span> <span class='ocrx_word' id='word_1_301' title='bbox 859 4161 1063 4256; x_wconf 80' lang='lat' dir='ltr'><strong>explicandi</strong></span> <span class='ocrx_word' id='word_1_302' title='bbox 1088 4164 1281 4240; x_wconf 89' lang='lat' dir='ltr'><strong>conamina</strong></span> <span class='ocrx_word' id='word_1_303' title='bbox 1309 4163 1358 4238; x_wconf 86' lang='lat' dir='ltr'><strong>ita</strong></span> <span class='ocrx_word' id='word_1_304' title='bbox 1387 4163 1549 4250; x_wconf 75' lang='lat' dir='ltr'><strong>afferam,</strong></span> <span class='ocrx_word' id='word_1_305' title='bbox 1576 4177 1617 4239; x_wconf 95' lang='lat' dir='ltr'><strong>ut</strong></span> <span class='ocrx_word' id='word_1_306' title='bbox 1643 4167 1712 4263; x_wconf 88' lang='lat' dir='ltr'><strong>pri·</strong></span> <span class='ocrx_word' id='word_1_307' title='bbox 1800 4177 1838 4256; x_wconf 80' lang='grc' dir='ltr'><strong> </strong></span> <span class='ocrx_word' id='word_1_308' title='bbox 1944 4223 1950 4234; x_wconf 94' lang='grc'><strong>.</strong></span> 
     </span>
     <span class='ocr_line' id='line_1_34' title="bbox 116 4258 1713 4368; baseline -0.001 -23"><span class='ocrx_word' id='word_1_309' title='bbox 116 4317 122 4324; x_wconf 90' lang='grc'>-</span> <span class='ocrx_word' id='word_1_310' title='bbox 178 4323 181 4332; x_wconf 90' lang='lat'><strong>.</strong></span> <span class='ocrx_word' id='word_1_311' title='bbox 283 4287 386 4344; x_wconf 88' lang='lat' dir='ltr'><strong>mum</strong></span> <span class='ocrx_word' id='word_1_312' title='bbox 415 4263 463 4338; x_wconf 93' lang='lat' dir='ltr'><strong>de</strong></span> <span class='ocrx_word' id='word_1_313' title='bbox 488 4258 641 4368; x_wconf 71' lang='lat' dir='ltr'><strong>iia&#39;airis</strong></span> <span class='ocrx_word' id='word_1_314' title='bbox 666 4258 815 4336; x_wconf 82' lang='lat' dir='ltr'><strong>eruditis</strong></span> <span class='ocrx_word' id='word_1_315' title='bbox 837 4261 981 4360; x_wconf 79' lang='lat' dir='ltr'><strong>loquar,</strong></span> <span class='ocrx_word' id='word_1_316' title='bbox 1008 4267 1069 4364; x_wconf 91' lang='lat' dir='ltr'><strong>qui</strong></span> <span class='ocrx_word' id='word_1_317' title='bbox 1092 4267 1150 4342; x_wconf 83' lang='lat' dir='ltr'><strong>vel</strong></span> <span class='ocrx_word' id='word_1_318' title='bbox 1172 4268 1208 4342; x_wconf 90' lang='lat' dir='ltr'><strong>in</strong></span> <span class='ocrx_word' id='word_1_319' title='bbox 1236 4265 1439 4342; x_wconf 81' lang='lat' dir='ltr'><strong>universnm</strong></span> <span class='ocrx_word' id='word_1_320' title='bbox 1464 4267 1517 4340; x_wconf 83' lang='lat' dir='ltr'><strong>de</strong></span> <span class='ocrx_word' id='word_1_321' title='bbox 1533 4263 1713 4362; x_wconf 83' lang='lat' dir='ltr'><strong>Persepoli</strong></span> 
     </span>
     <span class='ocr_line' id='line_1_35' title="bbox 137 4361 1830 4469; baseline -0.004 -22"><span class='ocrx_word' id='word_1_322' title='bbox 137 4391 143 4404; x_wconf 92' lang='lat'>·</span> <span class='ocrx_word' id='word_1_323' title='bbox 285 4365 505 4460; x_wconf 85' lang='lat' dir='ltr'><strong>sententiam</strong></span> <span class='ocrx_word' id='word_1_324' title='bbox 529 4361 764 4461; x_wconf 82' lang='lat' dir='ltr'><strong>protulerint,</strong></span> <span class='ocrx_word' id='word_1_325' title='bbox 788 4363 848 4442; x_wconf 89' lang='lat' dir='ltr'><strong>vel</strong></span> <span class='ocrx_word' id='word_1_326' title='bbox 871 4377 1013 4464; x_wconf 83' lang='lat' dir='ltr'><strong>partem</strong></span> <span class='ocrx_word' id='word_1_327' title='bbox 1037 4369 1122 4446; x_wconf 84' lang='lat' dir='ltr'><strong>eius</strong></span> <span class='ocrx_word' id='word_1_328' title='bbox 1143 4370 1395 4469; x_wconf 83' lang='lat' dir='ltr'><strong>explicandam</strong></span> <span class='ocrx_word' id='word_1_329' title='bbox 1419 4363 1484 4444; x_wconf 84' lang='lat' dir='ltr'><strong>srbi</strong></span> <span class='ocrx_word' id='word_1_330' title='bbox 1505 4363 1713 4446; x_wconf 75' lang='lat' dir='ltr'><strong>sumserintr</strong></span> <span class='ocrx_word' id='word_1_331' title='bbox 1825 4381 1830 4396; x_wconf 87' lang='grc'><em>’</em></span> 
     </span>
    </p>
   </div>
   <div class='ocr_carea' id='block_1_18' title="bbox 1017 4455 1711 4556">
    <p class='ocr_par' dir='ltr' id='par_1_18' title="bbox 1017 4455 1711 4556">
     <span class='ocr_line' id='line_1_36' title="bbox 1017 4455 1711 4556; baseline -0.016 -6"><span class='ocrx_word' id='word_1_332' title='bbox 1017 4501 1022 4512; x_wconf 94' lang='grc'>·</span> <span class='ocrx_word' id='word_1_333' title='bbox 1103 4469 1137 4548; x_wconf 88' lang='grc' dir='ltr'>Β</span> <span class='ocrx_word' id='word_1_334' title='bbox 1163 4489 1187 4556; x_wconf 75' lang='lat' dir='ltr'><strong>a</strong></span> <span class='ocrx_word' id='word_1_335' title='bbox 1239 4513 1240 4516; x_wconf 18' lang='grc' dir='ltr'>π</span> <span class='ocrx_word' id='word_1_336' title='bbox 1576 4455 1711 4540; x_wconf 76' lang='lat' dir='ltr'><strong>deinde</strong></span> 
     </span>
    </p>
   </div>
   <div class='ocr_carea' id='block_1_19' title="bbox 0 0 2182 5356">
    <p class='ocr_par' dir='ltr' id='par_1_19' title="bbox 0 0 2182 5356">
     <span class='ocr_line' id='line_1_37' title="bbox 0 0 2182 5356; baseline 0 4"><span class='ocrx_word' id='word_1_337' title='bbox 0 0 2182 5356; x_wconf 95' lang='lat' dir='ltr'><strong> </strong></span> 
     </span>
    </p>
   </div>
  </div>
 </body>
</html>
